2834 5340
228 805 276 854 322
544 802 727 853 SABRINAE
746 802 921 852 conoLLA.

274 975 348 1042 Qvo
363 998 456 1041 sensu
473 978 603 1063 rapior?
625 1000 704 1063 qvae
721 999 771 1041 me
786 999 864 1062 vaga
877 976 963 1040 ludit
978 976 1109 1061 imago?

319 1077 437 1144 Nescio
453 1103 515 1166 qvo
530 1081 675 1167 trepidae
690 1081 819 1145 turbine
834 1080 950 1144 mentis
964 1103 1050 1164 agor.

275 1178 365 1244 Num
379 1203 502 1248 memor
514 1183 584 1269 ipse
598 1184 683 1247 mei?
705 1205 784 1246 num
799 1182 932 1267 spiritus
946 1182 1005 1246 hos
1019 1183 1103 1267 regit
1116 1184 1231 1247 artus?

319 1281 426 1347 Sicine
441 1284 617 1348 iucundum
631 1296 689 1362 est,
702 1285 768 1360 dic,
781 1307 853 1348 mea
865 1284 942 1363 vita,
958 1285 1040 1348 mori
1052 1287 1066 1348 ἲ

275 1381 430 1448 Vanescit
443 1385 559 1449 sensim
574 1386 732 1450 mundus:
757 1408 839 1450 nova
853 1386 1006 1471 panditur
1020 1408 1094 1452 ora:

320 1484 389 1549 Iam
404 1486 514 1551 videor
527 1509 631 1552 sacros
645 1509 721 1551 aure
736 1487 854 1552 bibisse
870 1489 1000 1552 modos:

276 1588 437 1654 Auferor:
462 1589 492 1653 O
507 1612 629 1674 pennas
643 1591 834 1677 subponite:
859 1614 910 1654 me
924 1591 1003 1654 levis
1017 1613 1095 1655 aura

322 1691 470 1777 Subripit
483 1693 517 1756 in
531 1693 668 1758 celerem
682 1692 754 1778 lege
769 1694 876 1758 soluta
890 1694 1011 1778 fugam.

278 1790 375 1856 Nunc
390 1804 447 1857 tua
462 1793 512 1858 dic
527 1794 584 1858 ubi
599 1795 642 1859 sit
656 1795 799 1875 victoria,
816 1795 908 1859 triste
925 1794 1127 1880 Sepulcrum,

321 1895 384 1959 Dic
400 1896 458 1960 ubi
471 1919 557 1961 nunc
571 1897 704 1976 stimuli,
722 1897 824 1976 Mors,
842 1898 933 1962 dolor
946 1898 1007 1961 iste
1023 1898 1096 1962 tui?

859 2017 898 2074 H.
914 2017 943 2077 S.
958 2017 996 2074 H.
1011 2016 1058 2096 (ια
1071 2016 1182 2095 Ροιιο.)

632 2191 848 2200 ———-.

537 2407 601 2480 Ex
620 2407 722 2482 [saia
739 2408 817 2482 xiii.
837 2409 939 2485 6-10.

322 2571 518 2654 ’ολολύζετ’·
542 2573 631 2662 ἦμαρ
647 2577 712 2663 γάρ
728 2575 835 2646 πέλας
851 2576 888 2643 τό
903 2578 1078 2665 μόρσιμον·

324 2677 454 2764 σκήψει
469 2676 505 2742 δὲ
522 2677 650 2758 θνητοῖς
665 2679 788 2759 θεόθεν,
806 2680 848 2751 ὡς
864 2680 1041 2769 διαφθορά.

325 2780 443 2866 σοι’γαρ
459 2782 645 2868 προλείψει
661 2785 727 2853 πᾶς
742 2783 895 2868 ἀνειμένῃ
910 2784 999 2871 χερί,

327 2883 451 2955 κούδεὶς
467 2883 501 2955 ὃς
514 2885 592 2972 ούχὶ
608 2884 744 2971 καρδίαν
759 2885 996 2973 τεγχθήσεται.

324 2987 380 3053 καὶ
396 2985 597 3070 δειμανοῦσι·
621 2988 677 3052 καὶ
692 2992 819 3075 φρενῶν
834 2988 1026 3076 ἀνθάψεται

324 3089 497 3175 σφάκελος
510 3089 582 3174 μετ’
598 3091 732 3173 ἄλγους·
757 3091 813 3156 καὶ
828 3090 869 3156 δι’
887 3090 1010 3159 ὠδίνων
1024 3099 1150 3182 πικρῶν

323 3194 520 3282 χωρήσεταί
531 3219 592 3272 τις,
608 3192 722 3281 ὥσπερ
740 3194 774 3259 ἐν
788 3193 898 3265 τόκοις
911 3198 1013 3284 λεχώ.

325 3296 381 3362 καὶ
396 3294 461 3380 μὴν
476 3295 559 3383 πρὸς
575 3296 682 3363 ἄλλον
697 3298 803 3368 ἀλλος
819 3298 1082 3382 ἐκπαγλούμενοι

323 3398 515 3486 βλέψουσι,
531 3399 668 3486 λόμψει
684 3399 710 3464 δ’
727 3399 849 3483 ὄμμαθ’
863 3402 905 3472 ὡς
921 3402 1119 3488 πυρούμενα.

325 3503 404 3583 ι’δού,
422 3504 459 3568 τὸ
473 3502 710 3590 μοιρόκραντον
722 3503 811 3591 ἦμαρ
829 3505 964 3593 ἔρχεται

325 3606 420 3696 χόλῳ
436 3605 612 3693 βαρυνθέν,
629 3606 842 3689 όξυμηνότους
856 3608 955 3673 πνέον

327 3710 455 3796 φόνους·
482 3707 567 3779 Θεὸς
581 3711 645 3796 γὰρ
663 3711 866 3797 ἐξερημώσει
883 3738 918 3776 τε
933 3718 1005 3795 γῆν,

326 3814 382 3879 καὶ
398 3813 473 3883 τούς
488 3810 691 3897 πανούργους
706 3813 806 3896 γῆθεν
821 3815 1054 3904 ε’ξαποφθερεῖ.

325 3916 382 3982 ἀπ’
400 3917 539 4002 ούρανοῦ
553 3916 618 4002 γὰρ
634 3915 783 4003 ἀστέρων
799 3916 957 4005 ὁμήγυρις

326 4020 365 4085 ού
379 4017 426 4103 μὴ
440 4018 525 4104 μεθῇ
541 4022 622 4104 φῶς,
639 4018 696 4101 ξὺν
711 4018 738 4084 δ’
755 4020 1034 4108 ἀμαυρωθήσεται

326 4123 472 4212 στείχων
487 4123 521 4188 ἐν
536 4123 730 4188 ἀντολαῖσιν
745 4124 842 4203 ἡλίου
858 4123 978 4196 κύκλος

327 4223 448 4311 σκότῳ,
464 4225 588 4306 σελήνη
605 4223 631 4288 δ’
647 4224 752 4292 οὐκέτ’
769 4227 942 4314 ε’κλάμψει
957 4229 1071 4299 σέλας.

1059 4355 1091 4412 Τ.
1108 4355 1135 4413 S.
1151 4356 1184 4413 Ε.
