2834 5340
535 835 718 886 SABRINAE
736 833 914 884 COROLLA.

221 1008 283 1073 Illa
294 1019 409 1092 patent
423 1006 488 1072 late
503 1019 598 1093 atqve
613 1007 647 1071 in
663 1029 696 1071 se
711 1005 857 1070 revoluta
871 1005 1026 1082 residunt,

220 1110 451 1195 Ingentemqve
465 1111 590 1175 aditum
604 1110 753 1196 pandunt
766 1109 808 1172 ad
822 1108 917 1171 inane
932 1107 1140 1193 profundum,

222 1211 386 1277 Horribile
401 1214 566 1297 adspectu.
600 1212 747 1296 Fugiunt
760 1210 932 1274 formidine
947 1221 1032 1275 retro
1044 1237 1052 1289 3

222 1314 311 1378 Pone
326 1325 431 1378 tamen
445 1315 589 1400 graviora
603 1314 742 1377 instant:
767 1313 807 1376 de
821 1312 924 1376 limite
939 1311 1018 1375 caeli

221 1414 310 1479 Dant
324 1439 357 1479 se
371 1416 580 1500 praecipites:
606 1415 662 1478 sed
676 1413 937 1478 inexsaturabilis
950 1413 999 1476 ira

221 1517 327 1581 Ardet
340 1518 443 1583 adhuc
458 1519 600 1603 imasque
615 1517 715 1581 Erebi
731 1527 872 1581 sectatur
886 1516 920 1578 in
935 1516 1072 1581 umbras.

284 1620 403 1684 Audiit
417 1621 612 1685 horrendum
627 1621 718 1684 sedes
732 1619 859 1682 inferna
872 1619 1041 1703 fragorem,

221 1723 272 1786 De
287 1724 437 1808 caeloqve
450 1746 548 1788 ruens
563 1724 686 1788 caelum
702 1721 882 1807 conspexit,
900 1731 933 1785 et
947 1722 1029 1784 imos

221 1827 411 1893 Quaesierat
424 1849 574 1912 percussa
588 1848 671 1889 nova
684 1824 855 1888 formidine
871 1835 991 1887 tractus
1002 1850 1011 1901 ;

222 1928 267 1992 Ni
281 1929 417 1993 nimium
431 1929 556 1992 inmoto
570 1928 677 2012 nigras
691 1926 879 1990 fundamine
894 1925 984 1989 sedes

221 2031 295 2096 Hoc
310 2043 456 2096 metuens
469 2032 596 2095 iecisset
609 2029 816 2094 ineluctabile
831 2029 945 2106 fatum,

221 2134 337 2199 Vincla
351 2156 448 2219 super
461 2134 597 2197 nimium
612 2143 699 2196 arcta
713 2132 842 2196 addens.
888 2131 1088 2195 Labentibus
1101 2130 1171 2195 ibat

221 2237 255 2301 N
256 2260 317 2301 ona
331 2237 408 2301 dies.
448 2236 552 2300 Chaos
567 2235 678 2299 audita
691 2234 816 2317 mugire
831 2233 925 2296 ruina

221 2341 477 2426 Adtonitumqve
493 2338 748 2423 decemgeminos
763 2337 896 2401 sensisse
911 2335 1070 2401 tumultus

221 2443 285 2508 Per
298 2444 455 2508 discordia
468 2467 567 2528 regna
580 2443 751 2527 plagasque
766 2440 834 2505 sine
850 2442 961 2504 ordine
976 2441 1081 2504 fusas:

222 2546 343 2611 Tantae
357 2547 471 2632 stragis
486 2557 554 2609 erat
566 2557 654 2609 vasta
669 2544 729 2608 sub
744 2542 827 2605 mole
842 2552 1018 2626 gravatum.

221 2648 364 2713 Tandem
379 2649 507 2713 Erebus
520 2669 635 2730 magno
650 2646 791 2729 integros
805 2644 934 2730 adcepit
946 2644 1048 2720 hiatu,

221 2749 447 2836 Adceptosqve
462 2750 535 2813 sinu
550 2747 681 2812 clausit:
698 2769 756 2810 nec
772 2746 891 2810 talibus
906 2747 1009 2811 ullum

221 2852 343 2936 Aptius
356 2851 532 2938 hospitium
544 2877 551 2928 ;
575 2871 737 2933 nunquam
750 2847 803 2912 hic
819 2848 971 2912 desaeviit
986 2849 1079 2913 ardor

150 3021 161 3047 ⁸
222 2953 360 3039 Igneus3
383 2954 436 3017 hic
449 2975 586 3040 posuere
601 2949 720 3015 cubilia
735 2950 842 3015 luctus
857 2961 891 3015 et
904 2974 1012 3035 angor.

976 3055 1013 3111 H.
1028 3056 1064 3112 A.
1079 3057 1107 3114 J.
1123 3057 1163 3113 M.

577 3352 684 3426 Mens
702 3350 864 3423 divinior.

265 3522 417 3587 Mortuus
432 3531 480 3585 est
494 3542 671 3605 superaque
686 3519 822 3584 excessit
836 3518 927 3583 luce:
950 3519 1081 3583 refrixit

351 3624 415 3689 Cor
428 3645 533 3706 nuper
547 3622 588 3686 ah
604 3645 697 3707 qvam
711 3621 889 3685 fervidum!

266 3727 385 3791 Obruit
398 3738 468 3791 atra
482 3726 570 3810 qvies
585 3725 670 3788 oculi
685 3724 884 3809 penetrabile
897 3724 1026 3810 fulgur:

351 3829 439 3897 Qvid
452 3829 569 3915 plural
612 3825 710 3891 Dicta
723 3826 834 3891 fabula
848 3837 905 3891 est.

263 4015 365 4081 Venit
379 4038 487 4080 amans
502 4013 587 4079 veri:
613 4014 722 4078 docuit
737 4014 913 4100 praeclara:
939 4015 1106 4080 docentem

351 4120 507 4204 Sprevere
522 4118 606 4181 cives
620 4116 758 4181 sordidi:

265 4222 319 4287 Sic
332 4221 423 4286 labor
437 4220 565 4284 effluxit
579 4242 688 4283 vanus.
733 4219 768 4283 N
770 4242 829 4284 unc
844 4219 931 4285 illius
944 4219 1048 4307 inplet

350 4323 477 4389 Natura
491 4323 622 4388 crassior
636 4323 754 4388 locum.

716 4462 791 4573 σήμ
