<?xml version="1.0" encoding="UTF-8"?>
<!DOCTYPE html PUBLIC "-//W3C//DTD XHTML 1.0 Transitional//EN"
    "http://www.w3.org/TR/xhtml1/DTD/xhtml1-transitional.dtd">
<html xmlns="http://www.w3.org/1999/xhtml" xml:lang="en" lang="en">
 <head>
  <title>
</title>
<meta http-equiv="Content-Type" content="text/html;charset=utf-8" />
  <meta name='ocr-system' content='tesseract 3.04.00' />
  <meta name='ocr-capabilities' content='ocr_page ocr_carea ocr_par ocr_line ocrx_word'/>
</head>
<body>
  <div class='ocr_page' id='page_1' title='image "./sabrinaecorolla00enggoog_0307.png"; bbox 0 0 2834 5340; ppageno 0'>
   <div class='ocr_carea' id='block_1_1' title="bbox 157 810 853 876">
    <p class='ocr_par' dir='ltr' id='par_1_1' title="bbox 157 810 853 876">
     <span class='ocr_line' id='line_1_1' title="bbox 157 810 853 876; baseline -0.004 0"><span class='ocrx_word' id='word_1_1' title='bbox 157 825 206 876; x_wconf 75' lang='lat' dir='ltr'><strong>ara</strong></span> <span class='ocrx_word' id='word_1_2' title='bbox 426 810 429 817; x_wconf 87' lang='lat'>&#39;</span> <span class='ocrx_word' id='word_1_3' title='bbox 473 823 657 873; x_wconf 77' lang='lat' dir='ltr'><strong>snunrnnu</strong></span> <span class='ocrx_word' id='word_1_4' title='bbox 674 822 853 874; x_wconf 78' lang='lat' dir='ltr'><strong>conouun.</strong></span> 
     </span>
    </p>
   </div>
   <div class='ocr_carea' id='block_1_2' title="bbox 288 991 1024 1385">
    <p class='ocr_par' dir='ltr' id='par_1_2' title="bbox 288 991 1024 1385">
     <span class='ocr_line' id='line_1_2' title="bbox 288 991 822 1057; baseline 0 -1"><span class='ocrx_word' id='word_1_5' title='bbox 288 992 335 1056; x_wconf 89' lang='lat' dir='ltr'><strong>Et</strong></span> <span class='ocrx_word' id='word_1_6' title='bbox 349 1014 425 1056; x_wconf 84' lang='lat' dir='ltr'><strong>aura</strong></span> <span class='ocrx_word' id='word_1_7' title='bbox 438 991 536 1056; x_wconf 88' lang='lat' dir='ltr'><strong>silvae</strong></span> <span class='ocrx_word' id='word_1_8' title='bbox 548 1002 623 1056; x_wconf 84' lang='lat' dir='ltr'><strong>nata</strong></span> <span class='ocrx_word' id='word_1_9' title='bbox 632 991 822 1057; x_wconf 89' lang='lat' dir='ltr'><strong>recessubus</strong></span> 
     </span>
     <span class='ocr_line' id='line_1_3' title="bbox 288 1091 1024 1180; baseline -0.003 -22"><span class='ocrx_word' id='word_1_10' title='bbox 288 1095 398 1160; x_wconf 91' lang='lat' dir='ltr'><strong>Ludet</strong></span> <span class='ocrx_word' id='word_1_11' title='bbox 411 1117 470 1180; x_wconf 87' lang='lat' dir='ltr'><strong>per</strong></span> <span class='ocrx_word' id='word_1_12' title='bbox 483 1117 585 1178; x_wconf 80' lang='lat' dir='ltr'><strong>agros.</strong></span> <span class='ocrx_word' id='word_1_13' title='bbox 631 1093 703 1158; x_wconf 91' lang='lat' dir='ltr'><strong>Hos</strong></span> <span class='ocrx_word' id='word_1_14' title='bbox 716 1104 825 1158; x_wconf 85' lang='lat' dir='ltr'><strong>tumen</strong></span> <span class='ocrx_word' id='word_1_15' title='bbox 839 1091 1024 1179; x_wconf 79' lang='lat' dir='ltr'><strong>obprimenl</strong></span> 
     </span>
     <span class='ocr_line' id='line_1_4' title="bbox 354 1195 864 1282; baseline -0.002 -21"><span class='ocrx_word' id='word_1_16' title='bbox 354 1196 440 1262; x_wconf 88' lang='lat' dir='ltr'><strong>Tum</strong></span> <span class='ocrx_word' id='word_1_17' title='bbox 454 1196 531 1275; x_wconf 86' lang='lat' dir='ltr'><strong>fata,</strong></span> <span class='ocrx_word' id='word_1_18' title='bbox 546 1196 760 1282; x_wconf 73' lang='lat' dir='ltr'><strong>pallentisque</strong></span> <span class='ocrx_word' id='word_1_19' title='bbox 775 1195 864 1260; x_wconf 86' lang='lat' dir='ltr'><strong>busti</strong></span> 
     </span>
     <span class='ocr_line' id='line_1_5' title="bbox 418 1298 940 1385; baseline -0.002 -23"><span class='ocrx_word' id='word_1_20' title='bbox 418 1298 534 1384; x_wconf 78' lang='lat' dir='ltr'>Frigus</span> <span class='ocrx_word' id='word_1_21' title='bbox 546 1298 632 1363; x_wconf 90' lang='lat' dir='ltr'><strong>iners</strong></span> <span class='ocrx_word' id='word_1_22' title='bbox 646 1309 680 1364; x_wconf 87' lang='lat' dir='ltr'><strong>et</strong></span> <span class='ocrx_word' id='word_1_23' title='bbox 694 1321 813 1385; x_wconf 90' lang='lat' dir='ltr'><strong>opacus</strong></span> <span class='ocrx_word' id='word_1_24' title='bbox 827 1298 940 1363; x_wconf 87' lang='lat' dir='ltr'><strong>horror</strong></span> 
     </span>
    </p>
   </div>
   <div class='ocr_carea' id='block_1_3' title="bbox 291 1537 931 1912">
    <p class='ocr_par' dir='ltr' id='par_1_3' title="bbox 291 1537 907 1726">
     <span class='ocr_line' id='line_1_6' title="bbox 291 1537 815 1622; baseline 0.002 -21"><span class='ocrx_word' id='word_1_25' title='bbox 291 1537 470 1614; x_wconf 84' lang='lat' dir='ltr'><strong>Custodiet,</strong></span> <span class='ocrx_word' id='word_1_26' title='bbox 487 1559 565 1622; x_wconf 88' lang='lat' dir='ltr'><strong>qvos</strong></span> <span class='ocrx_word' id='word_1_27' title='bbox 579 1558 654 1600; x_wconf 86' lang='lat' dir='ltr'><strong>vere</strong></span> <span class='ocrx_word' id='word_1_28' title='bbox 668 1538 815 1622; x_wconf 85' lang='lat' dir='ltr'><strong>puertiae</strong></span> 
     </span>
     <span class='ocr_line' id='line_1_7' title="bbox 291 1638 907 1726; baseline -0.002 -21"><span class='ocrx_word' id='word_1_29' title='bbox 291 1640 403 1705; x_wconf 86' lang='lat' dir='ltr'>Cernis</span> <span class='ocrx_word' id='word_1_30' title='bbox 416 1639 571 1703; x_wconf 84' lang='lat' dir='ltr'><strong>fruentes.</strong></span> <span class='ocrx_word' id='word_1_31' title='bbox 618 1638 689 1703; x_wconf 89' lang='lat' dir='ltr'><strong>Nec</strong></span> <span class='ocrx_word' id='word_1_32' title='bbox 703 1641 824 1726; x_wconf 88' lang='lat' dir='ltr'><strong>poterit</strong></span> <span class='ocrx_word' id='word_1_33' title='bbox 836 1639 907 1726; x_wconf 87' lang='lat' dir='ltr'><strong>lyra</strong></span> 
     </span>
    </p>

    <p class='ocr_par' dir='ltr' id='par_1_4' title="bbox 353 1742 931 1912">
     <span class='ocr_line' id='line_1_8' title="bbox 353 1742 817 1829; baseline 0.002 -22"><span class='ocrx_word' id='word_1_34' title='bbox 353 1742 400 1808; x_wconf 88' lang='lat' dir='ltr'><strong>Te</strong></span> <span class='ocrx_word' id='word_1_35' title='bbox 415 1765 524 1807; x_wconf 87' lang='lat' dir='ltr'><strong>rursus</strong></span> <span class='ocrx_word' id='word_1_36' title='bbox 539 1742 659 1819; x_wconf 82' lang='lat' dir='ltr'><strong>adfari3</strong></span> <span class='ocrx_word' id='word_1_37' title='bbox 684 1743 740 1807; x_wconf 90' lang='lat' dir='ltr'><strong>sed</strong></span> <span class='ocrx_word' id='word_1_38' title='bbox 754 1743 817 1829; x_wconf 92' lang='lat' dir='ltr'><strong>ipsi</strong></span> 
     </span>
     <span class='ocr_line' id='line_1_9' title="bbox 421 1845 931 1912; baseline -0.004 0"><span class='ocrx_word' id='word_1_39' title='bbox 421 1845 486 1912; x_wconf 85' lang='lat' dir='ltr'><strong>Qvi</strong></span> <span class='ocrx_word' id='word_1_40' title='bbox 501 1845 592 1910; x_wconf 88' lang='lat' dir='ltr'><strong>tenui</strong></span> <span class='ocrx_word' id='word_1_41' title='bbox 607 1846 720 1911; x_wconf 87' lang='lat' dir='ltr'><strong>damus</strong></span> <span class='ocrx_word' id='word_1_42' title='bbox 734 1869 789 1911; x_wconf 91' lang='lat' dir='ltr'><strong>ore</strong></span> <span class='ocrx_word' id='word_1_43' title='bbox 804 1869 931 1912; x_wconf 90' lang='lat' dir='ltr'><strong>carmen</strong></span> 
     </span>
    </p>
   </div>
   <div class='ocr_carea' id='block_1_4' title="bbox 291 2085 957 2479">
    <p class='ocr_par' dir='ltr' id='par_1_5' title="bbox 291 2085 957 2479">
     <span class='ocr_line' id='line_1_10' title="bbox 291 2085 957 2150; baseline -0.003 -1"><span class='ocrx_word' id='word_1_44' title='bbox 291 2085 361 2149; x_wconf 90' lang='lat' dir='ltr'><strong>Nos</strong></span> <span class='ocrx_word' id='word_1_45' title='bbox 375 2086 439 2150; x_wconf 86' lang='lat' dir='ltr'><strong>hou</strong></span> <span class='ocrx_word' id='word_1_46' title='bbox 453 2088 514 2150; x_wconf 89' lang='lat' dir='ltr'><strong>sub</strong></span> <span class='ocrx_word' id='word_1_47' title='bbox 530 2109 611 2150; x_wconf 85' lang='lat' dir='ltr'><strong>urna</strong></span> <span class='ocrx_word' id='word_1_48' title='bbox 625 2086 741 2149; x_wconf 85' lang='lat' dir='ltr'><strong>surdus</strong></span> <span class='ocrx_word' id='word_1_49' title='bbox 753 2096 787 2149; x_wconf 88' lang='lat' dir='ltr'><strong>et</strong></span> <span class='ocrx_word' id='word_1_50' title='bbox 800 2085 957 2149; x_wconf 89' lang='lat' dir='ltr'><strong>inmemor</strong></span> 
     </span>
     <span class='ocr_line' id='line_1_11' title="bbox 291 2188 813 2266; baseline -0.002 -13"><span class='ocrx_word' id='word_1_51' title='bbox 291 2189 402 2253; x_wconf 88' lang='lat' dir='ltr'><strong>Pulvis</strong></span> <span class='ocrx_word' id='word_1_52' title='bbox 416 2189 530 2254; x_wconf 86' lang='lat' dir='ltr'><strong>relicto</strong></span> <span class='ocrx_word' id='word_1_53' title='bbox 545 2189 612 2253; x_wconf 89' lang='lat' dir='ltr'><strong>sole</strong></span> <span class='ocrx_word' id='word_1_54' title='bbox 626 2188 813 2266; x_wconf 87' lang='lat' dir='ltr'><strong>iacebimus,</strong></span> 
     </span>
     <span class='ocr_line' id='line_1_12' title="bbox 354 2291 825 2377; baseline -0.004 -21"><span class='ocrx_word' id='word_1_55' title='bbox 354 2292 510 2376; x_wconf 84' lang='lat' dir='ltr'><strong>Duroqve</strong></span> <span class='ocrx_word' id='word_1_56' title='bbox 526 2291 696 2377; x_wconf 87' lang='lat' dir='ltr'><strong>compressi</strong></span> <span class='ocrx_word' id='word_1_57' title='bbox 710 2314 825 2376; x_wconf 90' lang='lat' dir='ltr'><strong>sopore</strong></span> 
     </span>
     <span class='ocr_line' id='line_1_13' title="bbox 420 2393 895 2479; baseline -0.004 -21"><span class='ocrx_word' id='word_1_58' title='bbox 420 2393 573 2459; x_wconf 86' lang='lat' dir='ltr'><strong>Tartarea</strong></span> <span class='ocrx_word' id='word_1_59' title='bbox 586 2394 748 2479; x_wconf 90' lang='lat' dir='ltr'><strong>potiemur</strong></span> <span class='ocrx_word' id='word_1_60' title='bbox 762 2393 895 2457; x_wconf 82' lang='lat' dir='ltr'><strong>umbra:</strong></span> 
     </span>
    </p>
   </div>
   <div class='ocr_carea' id='block_1_5' title="bbox 291 2632 915 2921">
    <p class='ocr_par' dir='ltr' id='par_1_6' title="bbox 291 2632 915 2921">
     <span class='ocr_line' id='line_1_14' title="bbox 291 2632 874 2716; baseline 0.003 -22"><span class='ocrx_word' id='word_1_61' title='bbox 291 2632 379 2694; x_wconf 88' lang='lat' dir='ltr'><strong>Dum</strong></span> <span class='ocrx_word' id='word_1_62' title='bbox 396 2643 432 2695; x_wconf 87' lang='lat' dir='ltr'><strong>tu</strong></span> <span class='ocrx_word' id='word_1_63' title='bbox 447 2633 581 2716; x_wconf 87' lang='lat' dir='ltr'><strong>perenni</strong></span> <span class='ocrx_word' id='word_1_64' title='bbox 598 2632 670 2694; x_wconf 89' lang='lat' dir='ltr'><strong>luce</strong></span> <span class='ocrx_word' id='word_1_65' title='bbox 685 2632 874 2716; x_wconf 86' lang='lat' dir='ltr'><strong>superbiens</strong></span> 
     </span>
     <span class='ocr_line' id='line_1_15' title="bbox 291 2735 825 2819; baseline 0 -21"><span class='ocrx_word' id='word_1_66' title='bbox 291 2735 402 2819; x_wconf 83' lang='lat' dir='ltr'><strong>Pergis</strong></span> <span class='ocrx_word' id='word_1_67' title='bbox 417 2745 557 2798; x_wconf 87' lang='lat' dir='ltr'><strong>remotos</strong></span> <span class='ocrx_word' id='word_1_68' title='bbox 572 2736 672 2799; x_wconf 83' lang='lat' dir='ltr'><strong>visere</strong></span> <span class='ocrx_word' id='word_1_69' title='bbox 687 2735 825 2798; x_wconf 88' lang='lat' dir='ltr'><strong>nubium</strong></span> 
     </span>
     <span class='ocr_line' id='line_1_16' title="bbox 357 2837 915 2921; baseline 0.005 -22"><span class='ocrx_word' id='word_1_70' title='bbox 357 2837 503 2913; x_wconf 89' lang='lat' dir='ltr'><strong>Tractus,</strong></span> <span class='ocrx_word' id='word_1_71' title='bbox 521 2848 554 2899; x_wconf 90' lang='lat' dir='ltr'><strong>ct</strong></span> <span class='ocrx_word' id='word_1_72' title='bbox 569 2849 732 2900; x_wconf 85' lang='lat' dir='ltr'><strong>extremos</strong></span> <span class='ocrx_word' id='word_1_73' title='bbox 747 2860 805 2921; x_wconf 91' lang='lat' dir='ltr'><strong>per</strong></span> <span class='ocrx_word' id='word_1_74' title='bbox 821 2839 915 2902; x_wconf 89' lang='lat' dir='ltr'><strong>orbes</strong></span> 
     </span>
    </p>
   </div>
   <div class='ocr_carea' id='block_1_6' title="bbox 420 2939 1107 3106">
    <p class='ocr_par' dir='ltr' id='par_1_7' title="bbox 420 2939 1107 3106">
     <span class='ocr_line' id='line_1_17' title="bbox 420 2939 875 3025; baseline 0.002 -21"><span class='ocrx_word' id='word_1_75' title='bbox 420 2939 591 3004; x_wconf 88' lang='lat' dir='ltr'><strong>Indomitis</strong></span> <span class='ocrx_word' id='word_1_76' title='bbox 605 2940 738 3003; x_wconf 88' lang='lat' dir='ltr'><strong>volitare</strong></span> <span class='ocrx_word' id='word_1_77' title='bbox 751 2941 875 3025; x_wconf 89' lang='lat' dir='ltr'><strong>pennis.</strong></span> 
     </span>
     <span class='ocr_line' id='line_1_18' title="bbox 1018 3047 1107 3106; baseline 0.011 -1"><span class='ocrx_word' id='word_1_78' title='bbox 1018 3047 1059 3105; x_wconf 89' lang='lat' dir='ltr'><strong>M.</strong></span> <span class='ocrx_word' id='word_1_79' title='bbox 1074 3048 1107 3106; x_wconf 89' lang='lat' dir='ltr'><strong>L.</strong></span> 
     </span>
    </p>
   </div>
   <div class='ocr_carea' id='block_1_7' title="bbox 429 3683 897 3783">
    <p class='ocr_par' dir='ltr' id='par_1_8' title="bbox 429 3683 897 3783">
     <span class='ocr_line' id='line_1_19' title="bbox 429 3683 897 3783; baseline 0.009 -27"><span class='ocrx_word' id='word_1_80' title='bbox 429 3683 530 3757; x_wconf 79' lang='lat' dir='ltr'><strong>Inest</strong></span> <span class='ocrx_word' id='word_1_81' title='bbox 545 3709 608 3757; x_wconf 82' lang='lat' dir='ltr'><strong>sua</strong></span> <span class='ocrx_word' id='word_1_82' title='bbox 624 3685 750 3782; x_wconf 81' lang='lat' dir='ltr'><strong>gratio</strong></span> <span class='ocrx_word' id='word_1_83' title='bbox 761 3687 897 3783; x_wconf 79' lang='lat' dir='ltr'><strong>parcis.</strong></span> 
     </span>
    </p>
   </div>
   <div class='ocr_carea' id='block_1_8' title="bbox 204 3861 1033 4138">
    <p class='ocr_par' dir='ltr' id='par_1_9' title="bbox 204 3861 1033 4138">
     <span class='ocr_line' id='line_1_20' title="bbox 204 3861 959 3948; baseline 0.007 -22"><span class='ocrx_word' id='word_1_84' title='bbox 204 3861 256 3927; x_wconf 90' lang='lat' dir='ltr'><strong>Ite</strong></span> <span class='ocrx_word' id='word_1_85' title='bbox 270 3885 380 3946; x_wconf 83' lang='lat' dir='ltr'><strong>graves</strong></span> <span class='ocrx_word' id='word_1_86' title='bbox 394 3885 498 3941; x_wconf 88' lang='lat' dir='ltr'><strong>voces,</strong></span> <span class='ocrx_word' id='word_1_87' title='bbox 515 3873 549 3928; x_wconf 90' lang='lat' dir='ltr'><strong>et</strong></span> <span class='ocrx_word' id='word_1_88' title='bbox 561 3862 673 3948; x_wconf 90' lang='lat' dir='ltr'><strong>inepto</strong></span> <span class='ocrx_word' id='word_1_89' title='bbox 688 3865 829 3948; x_wconf 84' lang='lat' dir='ltr'><strong>pondere</strong></span> <span class='ocrx_word' id='word_1_90' title='bbox 844 3866 959 3931; x_wconf 83' lang='lat' dir='ltr'><strong>verba:</strong></span> 
     </span>
     <span class='ocr_line' id='line_1_21' title="bbox 246 3965 1033 4053; baseline 0.008 -25"><span class='ocrx_word' id='word_1_91' title='bbox 246 3965 388 4029; x_wconf 87' lang='lat' dir='ltr'><strong>Nomina</strong></span> <span class='ocrx_word' id='word_1_92' title='bbox 402 3967 428 4030; x_wconf 88' lang='lat' dir='ltr'><strong>si</strong></span> <span class='ocrx_word' id='word_1_93' title='bbox 444 3967 541 4031; x_wconf 84' lang='lat' dir='ltr'><strong>modo</strong></span> <span class='ocrx_word' id='word_1_94' title='bbox 556 3976 633 4030; x_wconf 84' lang='lat' dir='ltr'><strong>sunt</strong></span> <span class='ocrx_word' id='word_1_95' title='bbox 646 3968 789 4051; x_wconf 85' lang='lat' dir='ltr'><strong>parvula,</strong></span> <span class='ocrx_word' id='word_1_96' title='bbox 805 3981 895 4053; x_wconf 83' lang='lat' dir='ltr'><strong>grata</strong></span> <span class='ocrx_word' id='word_1_97' title='bbox 909 3979 1033 4034; x_wconf 83' lang='lat' dir='ltr'><strong>sonant.</strong></span> 
     </span>
     <span class='ocr_line' id='line_1_22' title="bbox 204 4068 1012 4138; baseline 0.009 -7"><span class='ocrx_word' id='word_1_98' title='bbox 204 4068 332 4132; x_wconf 86' lang='lat' dir='ltr'><strong>Bellula</strong></span> <span class='ocrx_word' id='word_1_99' title='bbox 344 4069 430 4132; x_wconf 87' lang='lat' dir='ltr'><strong>bella</strong></span> <span class='ocrx_word' id='word_1_100' title='bbox 443 4080 575 4134; x_wconf 87' lang='lat' dir='ltr'><strong>vocetur</strong></span> <span class='ocrx_word' id='word_1_101' title='bbox 589 4095 596 4134; x_wconf 78' lang='lat' dir='ltr'>t</span> <span class='ocrx_word' id='word_1_102' title='bbox 621 4070 741 4134; x_wconf 89' lang='lat' dir='ltr'><strong>amicus</strong></span> <span class='ocrx_word' id='word_1_103' title='bbox 756 4073 912 4137; x_wconf 87' lang='lat' dir='ltr'><strong>amiculus</strong></span> <span class='ocrx_word' id='word_1_104' title='bbox 925 4082 1012 4138; x_wconf 85' lang='lat' dir='ltr'><strong>esto:</strong></span> 
     </span>
    </p>
   </div>
   <div class='ocr_carea' id='block_1_9' title="bbox 246 4169 915 4258">
    <p class='ocr_par' dir='ltr' id='par_1_10' title="bbox 246 4169 915 4258">
     <span class='ocr_line' id='line_1_23' title="bbox 246 4169 915 4258; baseline 0.012 -25"><span class='ocrx_word' id='word_1_105' title='bbox 246 4169 378 4256; x_wconf 83' lang='lat' dir='ltr'><strong>Accipe,</strong></span> <span class='ocrx_word' id='word_1_106' title='bbox 394 4195 458 4236; x_wconf 92' lang='lat' dir='ltr'><strong>non</strong></span> <span class='ocrx_word' id='word_1_107' title='bbox 475 4196 593 4252; x_wconf 76' lang='lat' dir='ltr'><strong>versuS,</strong></span> <span class='ocrx_word' id='word_1_108' title='bbox 611 4175 718 4258; x_wconf 88' lang='lat' dir='ltr'><strong>accipe</strong></span> <span class='ocrx_word' id='word_1_109' title='bbox 733 4176 915 4242; x_wconf 87' lang='lat' dir='ltr'><strong>versiculos.</strong></span> 
     </span>
    </p>
   </div>
   <div class='ocr_carea' id='block_1_10' title="bbox 0 0 1422 5340">
    <p class='ocr_par' dir='ltr' id='par_1_11' title="bbox 0 0 1422 5340">
     <span class='ocr_line' id='line_1_24' title="bbox 0 0 1422 5340; baseline 0 0"><span class='ocrx_word' id='word_1_110' title='bbox 0 0 1422 5340; x_wconf 95' lang='lat' dir='ltr'><strong> </strong></span> 
     </span>
    </p>
   </div>
  </div>
 </body>
</html>
