<?xml version="1.0" encoding="UTF-8"?>
<!DOCTYPE html PUBLIC "-//W3C//DTD XHTML 1.0 Transitional//EN"
    "http://www.w3.org/TR/xhtml1/DTD/xhtml1-transitional.dtd">
<html xmlns="http://www.w3.org/1999/xhtml" xml:lang="en" lang="en">
 <head>
  <title>
</title>
<meta http-equiv="Content-Type" content="text/html;charset=utf-8" />
  <meta name='ocr-system' content='tesseract 3.04.00' />
  <meta name='ocr-capabilities' content='ocr_page ocr_carea ocr_par ocr_line ocrx_word'/>
</head>
<body>
  <div class='ocr_page' id='page_1' title='image "./sabrinaecorolla00enggoog_0329.png"; bbox 0 0 2842 5078; ppageno 0'>
   <div class='ocr_carea' id='block_1_1' title="bbox 232 367 929 423">
    <p class='ocr_par' dir='ltr' id='par_1_1' title="bbox 232 367 929 423">
     <span class='ocr_line' id='line_1_1' title="bbox 232 367 929 423; baseline -0.011 0"><span class='ocrx_word' id='word_1_1' title='bbox 232 375 280 423; x_wconf 75' lang='lat'>298</span> <span class='ocrx_word' id='word_1_2' title='bbox 550 369 734 421; x_wconf 83' lang='lat' dir='ltr'>SABRINAE</span> <span class='ocrx_word' id='word_1_3' title='bbox 753 367 929 417; x_wconf 56' lang='lat' dir='ltr'><strong>COROLLA</strong></span> 
     </span>
    </p>
   </div>
   <div class='ocr_carea' id='block_1_2' title="bbox 480 742 995 844">
    <p class='ocr_par' dir='ltr' id='par_1_2' title="bbox 480 742 995 844">
     <span class='ocr_line' id='line_1_2' title="bbox 480 742 995 844; baseline 0.002 -25"><span class='ocrx_word' id='word_1_4' title='bbox 480 743 550 819; x_wconf 82' lang='grc' dir='ltr'>Βάν</span> <span class='ocrx_word' id='word_1_5' title='bbox 567 743 593 819; x_wconf 86' lang='grc' dir='ltr'>δ’</span> <span class='ocrx_word' id='word_1_6' title='bbox 613 752 717 844; x_wconf 81' lang='grc' dir='ltr'>ίμενοιι</span> <span class='ocrx_word' id='word_1_7' title='bbox 735 742 907 844; x_wconf 81' lang='grc' dir='ltr'>πολεμόιδε</span> <span class='ocrx_word' id='word_1_8' title='bbox 926 747 995 820; x_wconf 80' lang='grc' dir='ltr'>ίεοί.</span> 
     </span>
    </p>
   </div>
   <div class='ocr_carea' id='block_1_3' title="bbox 233 925 1248 4013">
    <p class='ocr_par' dir='ltr' id='par_1_3' title="bbox 235 925 1146 1017">
     <span class='ocr_line' id='line_1_3' title="bbox 235 925 1146 1017; baseline 0.002 -25"><span class='ocrx_word' id='word_1_9' title='bbox 235 928 387 1017; x_wconf 77' lang='grc' dir='ltr'>Τάρταρε</span> <span class='ocrx_word' id='word_1_10' title='bbox 402 927 674 1014; x_wconf 89' lang='grc' dir='ltr'>πουλυμέλαθρε,</span> <span class='ocrx_word' id='word_1_11' title='bbox 691 929 801 994; x_wconf 81' lang='grc' dir='ltr'>κακῶν</span> <span class='ocrx_word' id='word_1_12' title='bbox 816 925 969 1014; x_wconf 85' lang='grc' dir='ltr'>άκόρεστ’</span> <span class='ocrx_word' id='word_1_13' title='bbox 986 925 1146 1009; x_wconf 78' lang='grc' dir='ltr'>ὀδυνάων,</span> 
     </span>
    </p>

    <p class='ocr_par' dir='ltr' id='par_1_4' title="bbox 236 1029 1052 1117">
     <span class='ocr_line' id='line_1_4' title="bbox 236 1029 1052 1117; baseline -0.001 -20"><span class='ocrx_word' id='word_1_14' title='bbox 236 1031 271 1104; x_wconf 90' lang='grc' dir='ltr'>δς</span> <span class='ocrx_word' id='word_1_15' title='bbox 285 1030 412 1115; x_wconf 88' lang='grc' dir='ltr'>μεδέεις</span> <span class='ocrx_word' id='word_1_16' title='bbox 427 1033 524 1117; x_wconf 92' lang='grc' dir='ltr'>γαίης</span> <span class='ocrx_word' id='word_1_17' title='bbox 540 1030 604 1098; x_wconf 84' lang='grc' dir='ltr'>ὑπὸ</span> <span class='ocrx_word' id='word_1_18' title='bbox 618 1030 789 1111; x_wconf 79' lang='grc' dir='ltr'>βένθεσιν,</span> <span class='ocrx_word' id='word_1_19' title='bbox 806 1030 861 1097; x_wconf 79' lang='grc' dir='ltr'>οἷά</span> <span class='ocrx_word' id='word_1_20' title='bbox 876 1030 950 1097; x_wconf 91' lang='grc' dir='ltr'>ποτ’</span> <span class='ocrx_word' id='word_1_21' title='bbox 969 1029 1052 1103; x_wconf 76' lang='grc' dir='ltr'>εἶδες</span> 
     </span>
    </p>

    <p class='ocr_par' dir='ltr' id='par_1_5' title="bbox 235 1133 1015 1224">
     <span class='ocr_line' id='line_1_5' title="bbox 235 1133 1015 1224; baseline -0.003 -21"><span class='ocrx_word' id='word_1_22' title='bbox 235 1135 339 1218; x_wconf 81' lang='grc' dir='ltr'>ἤματι</span> <span class='ocrx_word' id='word_1_23' title='bbox 354 1140 412 1224; x_wconf 78' lang='grc' dir='ltr'>τῷ,</span> <span class='ocrx_word' id='word_1_24' title='bbox 429 1135 485 1201; x_wconf 87' lang='grc' dir='ltr'>ὅτε</span> <span class='ocrx_word' id='word_1_25' title='bbox 500 1134 619 1223; x_wconf 85' lang='grc' dir='ltr'>πρῶτά</span> <span class='ocrx_word' id='word_1_26' title='bbox 635 1160 675 1199; x_wconf 92' lang='grc' dir='ltr'>σε</span> <span class='ocrx_word' id='word_1_27' title='bbox 691 1134 878 1220; x_wconf 82' lang='grc' dir='ltr'>οἰκιστῆρες</span> <span class='ocrx_word' id='word_1_28' title='bbox 895 1133 1015 1214; x_wconf 80' lang='grc' dir='ltr'>ἵκανον,</span> 
     </span>
    </p>

    <p class='ocr_par' dir='ltr' id='par_1_6' title="bbox 234 1237 1014 1326">
     <span class='ocr_line' id='line_1_6' title="bbox 234 1237 1014 1326; baseline -0.001 -21"><span class='ocrx_word' id='word_1_29' title='bbox 234 1239 378 1312; x_wconf 89' lang='grc' dir='ltr'>ἀκοντες·</span> <span class='ocrx_word' id='word_1_30' title='bbox 403 1239 455 1306; x_wconf 79' lang='grc' dir='ltr'>τοὶ</span> <span class='ocrx_word' id='word_1_31' title='bbox 470 1239 535 1326; x_wconf 86' lang='grc' dir='ltr'>γὰρ</span> <span class='ocrx_word' id='word_1_32' title='bbox 551 1239 658 1325; x_wconf 93' lang='grc' dir='ltr'>πάρος</span> <span class='ocrx_word' id='word_1_33' title='bbox 673 1237 783 1326; x_wconf 82' lang='grc' dir='ltr'>αἰθέρι</span> <span class='ocrx_word' id='word_1_34' title='bbox 799 1239 1014 1304; x_wconf 88' lang='grc' dir='ltr'>ναιετάεσκον</span> 
     </span>
    </p>

    <p class='ocr_par' dir='ltr' id='par_1_7' title="bbox 233 1339 1017 1430">
     <span class='ocr_line' id='line_1_7' title="bbox 233 1339 1017 1430; baseline -0.003 -23"><span class='ocrx_word' id='word_1_35' title='bbox 233 1343 361 1430; x_wconf 88' lang='grc' dir='ltr'>πατρὸς</span> <span class='ocrx_word' id='word_1_36' title='bbox 375 1342 423 1408; x_wconf 85' lang='grc' dir='ltr'>ἐνὶ</span> <span class='ocrx_word' id='word_1_37' title='bbox 437 1342 617 1428; x_wconf 71' lang='grc' dir='ltr'>μεγάροισι</span> <span class='ocrx_word' id='word_1_38' title='bbox 634 1341 726 1420; x_wconf 86' lang='grc' dir='ltr'>θεῶν,</span> <span class='ocrx_word' id='word_1_39' title='bbox 742 1339 897 1420; x_wconf 91' lang='grc' dir='ltr'>νηπενθέῑ</span> <span class='ocrx_word' id='word_1_40' title='bbox 913 1339 1017 1427; x_wconf 78' lang='grc' dir='ltr'>θυμῷ,</span> 
     </span>
    </p>

    <p class='ocr_par' dir='ltr' id='par_1_8' title="bbox 235 1443 1024 1533">
     <span class='ocr_line' id='line_1_8' title="bbox 235 1443 1024 1533; baseline -0.004 -23"><span class='ocrx_word' id='word_1_41' title='bbox 235 1450 409 1533; x_wconf 85' lang='grc' dir='ltr'>παννῆμαρ</span> <span class='ocrx_word' id='word_1_42' title='bbox 425 1447 582 1530; x_wconf 83' lang='grc' dir='ltr'>μολπῇσι</span> <span class='ocrx_word' id='word_1_43' title='bbox 596 1444 702 1528; x_wconf 89' lang='grc' dir='ltr'>μέγαν</span> <span class='ocrx_word' id='word_1_44' title='bbox 716 1447 872 1528; x_wconf 84' lang='grc' dir='ltr'>τιμῶντες</span> <span class='ocrx_word' id='word_1_45' title='bbox 887 1443 1024 1510; x_wconf 90' lang='grc' dir='ltr'>ἀνακτα.</span> 
     </span>
    </p>

    <p class='ocr_par' dir='ltr' id='par_1_9' title="bbox 234 1546 1110 1635">
     <span class='ocr_line' id='line_1_9' title="bbox 234 1546 1110 1635; baseline 0.003 -24"><span class='ocrx_word' id='word_1_46' title='bbox 234 1546 328 1612; x_wconf 79' lang='grc' dir='ltr'>ἀλλὰ</span> <span class='ocrx_word' id='word_1_47' title='bbox 343 1551 448 1629; x_wconf 81' lang='grc' dir='ltr'>κακήν</span> <span class='ocrx_word' id='word_1_48' title='bbox 461 1549 646 1630; x_wconf 83' lang='grc' dir='ltr'>στήθεσσιν</span> <span class='ocrx_word' id='word_1_49' title='bbox 661 1547 764 1614; x_wconf 89' lang='grc' dir='ltr'>ἔπειτ’</span> <span class='ocrx_word' id='word_1_50' title='bbox 781 1548 848 1635; x_wconf 92' lang='grc' dir='ltr'>ἔρις</span> <span class='ocrx_word' id='word_1_51' title='bbox 864 1546 996 1631; x_wconf 89' lang='grc' dir='ltr'>ἔμβαλε</span> <span class='ocrx_word' id='word_1_52' title='bbox 1009 1551 1110 1630; x_wconf 78' lang='grc' dir='ltr'>μῆτιν</span> 
     </span>
    </p>

    <p class='ocr_par' dir='ltr' id='par_1_10' title="bbox 234 1648 1068 1739">
     <span class='ocr_line' id='line_1_10' title="bbox 234 1648 1068 1739; baseline 0.002 -23"><span class='ocrx_word' id='word_1_53' title='bbox 234 1649 397 1734; x_wconf 88' lang='grc' dir='ltr'>δαίμονος,</span> <span class='ocrx_word' id='word_1_54' title='bbox 415 1650 451 1719; x_wconf 86' lang='grc' dir='ltr'>δν</span> <span class='ocrx_word' id='word_1_55' title='bbox 465 1652 551 1736; x_wconf 84' lang='grc' dir='ltr'>μετὰ</span> <span class='ocrx_word' id='word_1_56' title='bbox 565 1656 674 1718; x_wconf 85' lang='grc' dir='ltr'>πᾶσιν</span> <span class='ocrx_word' id='word_1_57' title='bbox 688 1648 844 1739; x_wconf 86' lang='grc' dir='ltr'>άρίζηλόν</span> <span class='ocrx_word' id='word_1_58' title='bbox 859 1649 933 1717; x_wconf 91' lang='grc' dir='ltr'>ποτ’</span> <span class='ocrx_word' id='word_1_59' title='bbox 951 1650 1068 1732; x_wconf 87' lang='grc' dir='ltr'>έθηκεν</span> 
     </span>
    </p>

    <p class='ocr_par' dir='ltr' id='par_1_11' title="bbox 235 1754 1067 1844">
     <span class='ocr_line' id='line_1_11' title="bbox 235 1754 1067 1844; baseline 0.002 -25"><span class='ocrx_word' id='word_1_60' title='bbox 235 1754 433 1840; x_wconf 81' lang='grc' dir='ltr'>οὐρανίωσιν</span> <span class='ocrx_word' id='word_1_61' title='bbox 448 1757 543 1839; x_wconf 77' lang='grc' dir='ltr'>ἄναξ,</span> <span class='ocrx_word' id='word_1_62' title='bbox 560 1757 650 1844; x_wconf 79' lang='grc' dir='ltr'>αὐτῷ</span> <span class='ocrx_word' id='word_1_63' title='bbox 665 1782 705 1839; x_wconf 91' lang='grc' dir='ltr'>γε</span> <span class='ocrx_word' id='word_1_64' title='bbox 718 1757 779 1839; x_wconf 85' lang='grc' dir='ltr'>μὲν</span> <span class='ocrx_word' id='word_1_65' title='bbox 794 1756 854 1821; x_wconf 84' lang='grc' dir='ltr'>οὐκ</span> <span class='ocrx_word' id='word_1_66' title='bbox 869 1756 1067 1834; x_wconf 88' lang='grc' dir='ltr'>ἀτάλαντον,</span> 
     </span>
    </p>

    <p class='ocr_par' dir='ltr' id='par_1_12' title="bbox 234 1857 1145 1948">
     <span class='ocr_line' id='line_1_12' title="bbox 234 1857 1145 1948; baseline 0.004 -25"><span class='ocrx_word' id='word_1_67' title='bbox 234 1859 273 1924; x_wconf 84' lang='grc' dir='ltr'>οὐ</span> <span class='ocrx_word' id='word_1_68' title='bbox 289 1858 416 1940; x_wconf 78' lang='grc' dir='ltr'>σθένος,</span> <span class='ocrx_word' id='word_1_69' title='bbox 432 1861 470 1925; x_wconf 83' lang='grc' dir='ltr'>οὐ</span> <span class='ocrx_word' id='word_1_70' title='bbox 485 1862 592 1943; x_wconf 90' lang='grc' dir='ltr'>τιμήν·</span> <span class='ocrx_word' id='word_1_71' title='bbox 618 1859 656 1925; x_wconf 90' lang='grc' dir='ltr'>τό</span> <span class='ocrx_word' id='word_1_72' title='bbox 672 1858 705 1925; x_wconf 87' lang='grc' dir='ltr'>οἱ</span> <span class='ocrx_word' id='word_1_73' title='bbox 719 1857 825 1925; x_wconf 84' lang='grc' dir='ltr'>οὐκέτ’</span> <span class='ocrx_word' id='word_1_74' title='bbox 841 1858 892 1946; x_wconf 83' lang='grc' dir='ltr'>ἀρ’</span> <span class='ocrx_word' id='word_1_75' title='bbox 906 1858 1023 1942; x_wconf 80' lang='grc' dir='ltr'>ἥνδανε</span> <span class='ocrx_word' id='word_1_76' title='bbox 1039 1859 1145 1948; x_wconf 77' lang='grc' dir='ltr'>θυμῷ,</span> 
     </span>
    </p>

    <p class='ocr_par' dir='ltr' id='par_1_13' title="bbox 234 1961 1071 2051">
     <span class='ocr_line' id='line_1_13' title="bbox 234 1961 1071 2051; baseline 0.005 -25"><span class='ocrx_word' id='word_1_77' title='bbox 234 1961 315 2027; x_wconf 90' lang='grc' dir='ltr'>ἀλλ’</span> <span class='ocrx_word' id='word_1_78' title='bbox 330 1964 497 2031; x_wconf 82' lang='grc' dir='ltr'>ἀπάνευθε</span> <span class='ocrx_word' id='word_1_79' title='bbox 512 1963 592 2030; x_wconf 88' lang='grc' dir='ltr'>κιὼν</span> <span class='ocrx_word' id='word_1_80' title='bbox 607 1963 693 2036; x_wconf 90' lang='grc' dir='ltr'>δίους</span> <span class='ocrx_word' id='word_1_81' title='bbox 710 1965 896 2030; x_wconf 89' lang='grc' dir='ltr'>ἐκάλεσσεν</span> <span class='ocrx_word' id='word_1_82' title='bbox 912 1964 1071 2051; x_wconf 89' lang='grc' dir='ltr'>ἐταίρους,</span> 
     </span>
    </p>

    <p class='ocr_par' dir='ltr' id='par_1_14' title="bbox 236 2063 1114 2155">
     <span class='ocr_line' id='line_1_14' title="bbox 236 2063 1114 2155; baseline 0.001 -25"><span class='ocrx_word' id='word_1_83' title='bbox 236 2063 270 2131; x_wconf 81' lang='grc' dir='ltr'>οἳ</span> <span class='ocrx_word' id='word_1_84' title='bbox 283 2067 438 2153; x_wconf 89' lang='grc' dir='ltr'>τρίτατόν</span> <span class='ocrx_word' id='word_1_85' title='bbox 451 2066 480 2155; x_wconf 83' lang='grc' dir='ltr'>ῥ’</span> <span class='ocrx_word' id='word_1_86' title='bbox 496 2066 646 2150; x_wconf 93' lang='grc' dir='ltr'>ἐγένοντο</span> <span class='ocrx_word' id='word_1_87' title='bbox 662 2067 761 2154; x_wconf 81' lang='grc' dir='ltr'>μέρος</span> <span class='ocrx_word' id='word_1_88' title='bbox 776 2070 922 2154; x_wconf 85' lang='grc' dir='ltr'>στρατοῦ</span> <span class='ocrx_word' id='word_1_89' title='bbox 938 2066 1114 2154; x_wconf 83' lang='grc' dir='ltr'>οὐρανίοιο·</span> 
     </span>
    </p>

    <p class='ocr_par' dir='ltr' id='par_1_15' title="bbox 234 2169 1126 2260">
     <span class='ocr_line' id='line_1_15' title="bbox 234 2169 1126 2260; baseline 0.002 -25"><span class='ocrx_word' id='word_1_90' title='bbox 234 2169 340 2252; x_wconf 81' lang='grc' dir='ltr'>ἦλθον</span> <span class='ocrx_word' id='word_1_91' title='bbox 355 2169 383 2237; x_wconf 85' lang='grc' dir='ltr'>δ’</span> <span class='ocrx_word' id='word_1_92' title='bbox 398 2171 635 2260; x_wconf 78' lang='grc' dir='ltr'>ἀμφοτέρωθεν</span> <span class='ocrx_word' id='word_1_93' title='bbox 650 2171 801 2242; x_wconf 88' lang='grc' dir='ltr'>ἀολλέες·</span> <span class='ocrx_word' id='word_1_94' title='bbox 819 2172 924 2258; x_wconf 81' lang='grc' dir='ltr'>αὐτὰρ</span> <span class='ocrx_word' id='word_1_95' title='bbox 941 2170 993 2236; x_wconf 89' lang='grc' dir='ltr'>ἐπ’</span> <span class='ocrx_word' id='word_1_96' title='bbox 1010 2171 1126 2243; x_wconf 78' lang='grc' dir='ltr'>αὐτοῖς</span> 
     </span>
    </p>

    <p class='ocr_par' dir='ltr' id='par_1_16' title="bbox 235 2272 1011 2365">
     <span class='ocr_line' id='line_1_16' title="bbox 235 2272 1011 2365; baseline 0 -26"><span class='ocrx_word' id='word_1_97' title='bbox 235 2275 358 2364; x_wconf 78' lang='grc' dir='ltr'>τεύχεα</span> <span class='ocrx_word' id='word_1_98' title='bbox 373 2277 521 2365; x_wconf 83' lang='grc' dir='ltr'>χρυσείῳ</span> <span class='ocrx_word' id='word_1_99' title='bbox 537 2275 619 2362; x_wconf 85' lang='grc' dir='ltr'>πυρὶ</span> <span class='ocrx_word' id='word_1_100' title='bbox 633 2273 879 2359; x_wconf 84' lang='grc' dir='ltr'>λαμπετόωντα</span> <span class='ocrx_word' id='word_1_101' title='bbox 894 2272 1011 2360; x_wconf 86' lang='grc' dir='ltr'>δεδήει·</span> 
     </span>
    </p>

    <p class='ocr_par' dir='ltr' id='par_1_17' title="bbox 236 2374 1071 2466">
     <span class='ocr_line' id='line_1_17' title="bbox 236 2374 1071 2466; baseline 0.005 -25"><span class='ocrx_word' id='word_1_102' title='bbox 236 2374 438 2466; x_wconf 82' lang='grc' dir='ltr'>εὐχετόωντο</span> <span class='ocrx_word' id='word_1_103' title='bbox 454 2378 481 2444; x_wconf 88' lang='grc' dir='ltr'>δ’</span> <span class='ocrx_word' id='word_1_104' title='bbox 497 2378 638 2449; x_wconf 84' lang='grc' dir='ltr'>ἄνακτος</span> <span class='ocrx_word' id='word_1_105' title='bbox 654 2379 838 2458; x_wconf 81' lang='grc' dir='ltr'>ἐναντίβιον</span> <span class='ocrx_word' id='word_1_106' title='bbox 853 2379 1071 2460; x_wconf 83' lang='grc' dir='ltr'>πολεμήσειν,</span> 
     </span>
    </p>

    <p class='ocr_par' dir='ltr' id='par_1_18' title="bbox 236 2480 1040 2568">
     <span class='ocr_line' id='line_1_18' title="bbox 236 2480 1040 2568; baseline 0.001 -22"><span class='ocrx_word' id='word_1_107' title='bbox 236 2480 360 2563; x_wconf 85' lang='grc' dir='ltr'>νήπιοι,</span> <span class='ocrx_word' id='word_1_108' title='bbox 377 2481 444 2548; x_wconf 83' lang='grc' dir='ltr'>οὐδ’</span> <span class='ocrx_word' id='word_1_109' title='bbox 461 2481 600 2562; x_wconf 83' lang='grc' dir='ltr'>ἐνόησαν</span> <span class='ocrx_word' id='word_1_110' title='bbox 615 2481 684 2568; x_wconf 86' lang='grc' dir='ltr'>ὅσῳ</span> <span class='ocrx_word' id='word_1_111' title='bbox 701 2482 758 2565; x_wconf 90' lang='grc' dir='ltr'>όγε</span> <span class='ocrx_word' id='word_1_112' title='bbox 773 2481 895 2552; x_wconf 88' lang='grc' dir='ltr'>παντὸς</span> <span class='ocrx_word' id='word_1_113' title='bbox 911 2481 1040 2567; x_wconf 88' lang='grc' dir='ltr'>ἀρείων.</span> 
     </span>
    </p>

    <p class='ocr_par' dir='ltr' id='par_1_19' title="bbox 236 2582 1163 2673">
     <span class='ocr_line' id='line_1_19' title="bbox 236 2582 1163 2673; baseline 0.008 -26"><span class='ocrx_word' id='word_1_114' title='bbox 236 2582 302 2649; x_wconf 80' lang='grc' dir='ltr'>οὐδ’</span> <span class='ocrx_word' id='word_1_115' title='bbox 318 2583 366 2668; x_wconf 85' lang='grc' dir='ltr'>ὅγ’</span> <span class='ocrx_word' id='word_1_116' title='bbox 382 2585 432 2672; x_wconf 86' lang='grc' dir='ltr'>ἀρ’</span> <span class='ocrx_word' id='word_1_117' title='bbox 448 2587 614 2670; x_wconf 88' lang='grc' dir='ltr'>ἠγνοίησε·</span> <span class='ocrx_word' id='word_1_118' title='bbox 640 2585 744 2673; x_wconf 80' lang='grc' dir='ltr'>φίλον</span> <span class='ocrx_word' id='word_1_119' title='bbox 758 2585 785 2652; x_wconf 90' lang='grc' dir='ltr'>δ’</span> <span class='ocrx_word' id='word_1_120' title='bbox 803 2584 1003 2652; x_wconf 85' lang='grc' dir='ltr'>ἐκαλέσσατ’</span> <span class='ocrx_word' id='word_1_121' title='bbox 1021 2585 1163 2668; x_wconf 87' lang='grc' dir='ltr'>ὀπαδόν,</span> 
     </span>
    </p>

    <p class='ocr_par' dir='ltr' id='par_1_20' title="bbox 235 2686 1063 2776">
     <span class='ocr_line' id='line_1_20' title="bbox 235 2686 1063 2776; baseline 0.007 -25"><span class='ocrx_word' id='word_1_122' title='bbox 235 2686 411 2776; x_wconf 85' lang='grc' dir='ltr'>Μίχηλον,</span> <span class='ocrx_word' id='word_1_123' title='bbox 428 2690 570 2776; x_wconf 86' lang='grc' dir='ltr'>φαιδράς</span> <span class='ocrx_word' id='word_1_124' title='bbox 586 2689 780 2772; x_wconf 80' lang='grc' dir='ltr'>διακοσμεῖν</span> <span class='ocrx_word' id='word_1_125' title='bbox 797 2689 867 2755; x_wconf 85' lang='grc' dir='ltr'>ὦκα</span> <span class='ocrx_word' id='word_1_126' title='bbox 882 2691 1063 2775; x_wconf 74' lang='grc' dir='ltr'>φάλαγγας</span> 
     </span>
    </p>

    <p class='ocr_par' dir='ltr' id='par_1_21' title="bbox 235 2789 1016 2881">
     <span class='ocr_line' id='line_1_21' title="bbox 235 2789 1016 2881; baseline 0.001 -25"><span class='ocrx_word' id='word_1_127' title='bbox 235 2789 376 2874; x_wconf 80' lang='grc' dir='ltr'>ὑσμίνην</span> <span class='ocrx_word' id='word_1_128' title='bbox 396 2792 403 2815; x_wconf 91' lang='grc'>’</span> <span class='ocrx_word' id='word_1_129' title='bbox 421 2793 513 2861; x_wconf 87' lang='grc' dir='ltr'>ι’έναι·</span> <span class='ocrx_word' id='word_1_130' title='bbox 538 2793 607 2859; x_wconf 84' lang='grc' dir='ltr'>ὅδὲ</span> <span class='ocrx_word' id='word_1_131' title='bbox 625 2793 864 2881; x_wconf 88' lang='grc' dir='ltr'>θωρήσσεσθαι</span> <span class='ocrx_word' id='word_1_132' title='bbox 880 2792 1016 2875; x_wconf 87' lang='grc' dir='ltr'>ἀνωγεν.</span> 
     </span>
    </p>

    <p class='ocr_par' dir='ltr' id='par_1_22' title="bbox 236 2890 1101 2976">
     <span class='ocr_line' id='line_1_22' title="bbox 236 2890 1101 2976; baseline 0.005 -19"><span class='ocrx_word' id='word_1_133' title='bbox 236 2890 270 2957; x_wconf 84' lang='grc' dir='ltr'>οἱ</span> <span class='ocrx_word' id='word_1_134' title='bbox 283 2893 310 2958; x_wconf 89' lang='grc' dir='ltr'>δ’</span> <span class='ocrx_word' id='word_1_135' title='bbox 327 2894 428 2961; x_wconf 83' lang='grc' dir='ltr'>ἔσταν</span> <span class='ocrx_word' id='word_1_136' title='bbox 443 2896 644 2975; x_wconf 83' lang='grc' dir='ltr'>στίλβοντες</span> <span class='ocrx_word' id='word_1_137' title='bbox 660 2897 693 2961; x_wconf 92' lang='grc' dir='ltr'>ἐν</span> <span class='ocrx_word' id='word_1_138' title='bbox 709 2896 846 2976; x_wconf 86' lang='grc' dir='ltr'>ἔντεσιν,</span> <span class='ocrx_word' id='word_1_139' title='bbox 864 2896 906 2965; x_wconf 88' lang='grc' dir='ltr'>ὡς</span> <span class='ocrx_word' id='word_1_140' title='bbox 923 2894 978 2960; x_wconf 86' lang='grc' dir='ltr'>ὅτε</span> <span class='ocrx_word' id='word_1_141' title='bbox 995 2893 1101 2961; x_wconf 84' lang='grc' dir='ltr'>δύνων</span> 
     </span>
    </p>

    <p class='ocr_par' dir='ltr' id='par_1_23' title="bbox 236 2995 973 3088">
     <span class='ocr_line' id='line_1_23' title="bbox 236 2995 973 3088; baseline 0.001 -26"><span class='ocrx_word' id='word_1_142' title='bbox 236 2995 349 3078; x_wconf 88' lang='grc' dir='ltr'>ήέλιος</span> <span class='ocrx_word' id='word_1_143' title='bbox 363 3001 525 3086; x_wconf 83' lang='grc' dir='ltr'>νεφέλῃσι</span> <span class='ocrx_word' id='word_1_144' title='bbox 540 3000 613 3088; x_wconf 86' lang='grc' dir='ltr'>χέει</span> <span class='ocrx_word' id='word_1_145' title='bbox 630 2999 735 3070; x_wconf 87' lang='grc' dir='ltr'>σέλας</span> <span class='ocrx_word' id='word_1_146' title='bbox 752 3000 973 3085; x_wconf 84' lang='grc' dir='ltr'>ἐσπερινῇσιν·</span> 
     </span>
    </p>

    <p class='ocr_par' dir='ltr' id='par_1_24' title="bbox 238 3100 1130 3190">
     <span class='ocr_line' id='line_1_24' title="bbox 238 3100 1130 3190; baseline 0.004 -26"><span class='ocrx_word' id='word_1_147' title='bbox 238 3100 324 3165; x_wconf 87' lang='grc' dir='ltr'>στάν</span> <span class='ocrx_word' id='word_1_148' title='bbox 338 3100 373 3166; x_wconf 85' lang='grc' dir='ltr'>δὲ</span> <span class='ocrx_word' id='word_1_149' title='bbox 388 3103 515 3190; x_wconf 84' lang='grc' dir='ltr'>πατρὸς</span> <span class='ocrx_word' id='word_1_150' title='bbox 531 3103 758 3189; x_wconf 88' lang='grc' dir='ltr'>προπάροιθεν</span> <span class='ocrx_word' id='word_1_151' title='bbox 774 3102 939 3189; x_wconf 83' lang='grc' dir='ltr'>ἐῦπὺργου</span> <span class='ocrx_word' id='word_1_152' title='bbox 953 3101 1130 3189; x_wconf 88' lang='grc' dir='ltr'>μεγάροιο,</span> 
     </span>
    </p>

    <p class='ocr_par' dir='ltr' id='par_1_25' title="bbox 238 3200 1132 3394">
     <span class='ocr_line' id='line_1_25' title="bbox 238 3200 1132 3292; baseline 0.009 -26"><span class='ocrx_word' id='word_1_153' title='bbox 238 3200 400 3287; x_wconf 86' lang='grc' dir='ltr'>δέγμενοι,</span> <span class='ocrx_word' id='word_1_154' title='bbox 416 3204 546 3271; x_wconf 87' lang='grc' dir='ltr'>ὁππότε</span> <span class='ocrx_word' id='word_1_155' title='bbox 561 3205 623 3292; x_wconf 92' lang='grc' dir='ltr'>πέρ</span> <span class='ocrx_word' id='word_1_156' title='bbox 641 3211 724 3291; x_wconf 90' lang='grc' dir='ltr'>σφιν</span> <span class='ocrx_word' id='word_1_157' title='bbox 735 3205 831 3292; x_wconf 81' lang='grc' dir='ltr'>Ἄρης</span> <span class='ocrx_word' id='word_1_158' title='bbox 848 3205 902 3271; x_wconf 83' lang='grc' dir='ltr'>ἐπὶ</span> <span class='ocrx_word' id='word_1_159' title='bbox 917 3204 1006 3286; x_wconf 89' lang='grc' dir='ltr'>δήιος</span> <span class='ocrx_word' id='word_1_160' title='bbox 1021 3205 1132 3274; x_wconf 88' lang='grc' dir='ltr'>ἔλθοι.</span> 
     </span>
     <span class='ocr_line' id='line_1_26' title="bbox 305 3305 1102 3394; baseline 0.004 -23"><span class='ocrx_word' id='word_1_161' title='bbox 305 3306 350 3373; x_wconf 89' lang='grc' dir='ltr'>Οἱ</span> <span class='ocrx_word' id='word_1_162' title='bbox 364 3305 390 3372; x_wconf 91' lang='grc' dir='ltr'>δ’</span> <span class='ocrx_word' id='word_1_163' title='bbox 407 3306 458 3394; x_wconf 81' lang='grc' dir='ltr'>ἀρ’</span> <span class='ocrx_word' id='word_1_164' title='bbox 474 3307 691 3373; x_wconf 82' lang='grc' dir='ltr'>ἐπεσσεύονθ</span> <span class='ocrx_word' id='word_1_165' title='bbox 710 3308 792 3394; x_wconf 80' lang='grc' dir='ltr'>ὑπὲρ</span> <span class='ocrx_word' id='word_1_166' title='bbox 809 3307 914 3390; x_wconf 80' lang='grc' dir='ltr'>ἄγκεα</span> <span class='ocrx_word' id='word_1_167' title='bbox 928 3307 1102 3391; x_wconf 87' lang='grc' dir='ltr'>ποιήεντα,</span> 
     </span>
    </p>

    <p class='ocr_par' dir='ltr' id='par_1_26' title="bbox 238 3406 1029 3497">
     <span class='ocr_line' id='line_1_27' title="bbox 238 3406 1029 3497; baseline 0.004 -24"><span class='ocrx_word' id='word_1_168' title='bbox 238 3407 337 3495; x_wconf 81' lang='grc' dir='ltr'>οὔρεά</span> <span class='ocrx_word' id='word_1_169' title='bbox 352 3436 388 3475; x_wconf 94' lang='grc' dir='ltr'>τε</span> <span class='ocrx_word' id='word_1_170' title='bbox 404 3406 568 3490; x_wconf 90' lang='grc' dir='ltr'>σκιόεντα,</span> <span class='ocrx_word' id='word_1_171' title='bbox 586 3411 643 3475; x_wconf 87' lang='grc' dir='ltr'>καὶ</span> <span class='ocrx_word' id='word_1_172' title='bbox 659 3410 764 3477; x_wconf 86' lang='grc' dir='ltr'>ὕδατα</span> <span class='ocrx_word' id='word_1_173' title='bbox 779 3410 897 3476; x_wconf 89' lang='grc' dir='ltr'>πολλά</span> <span class='ocrx_word' id='word_1_174' title='bbox 911 3411 1029 3497; x_wconf 86' lang='grc' dir='ltr'>ῥοάων.</span> 
     </span>
    </p>

    <p class='ocr_par' dir='ltr' id='par_1_27' title="bbox 240 3512 1015 3602">
     <span class='ocr_line' id='line_1_28' title="bbox 240 3512 1015 3602; baseline 0.008 -24"><span class='ocrx_word' id='word_1_175' title='bbox 240 3513 273 3578; x_wconf 94' lang='grc' dir='ltr'>ἐν</span> <span class='ocrx_word' id='word_1_176' title='bbox 289 3512 315 3577; x_wconf 85' lang='grc' dir='ltr'>δ’</span> <span class='ocrx_word' id='word_1_177' title='bbox 332 3513 437 3602; x_wconf 83' lang='grc' dir='ltr'>ἀρχὸς</span> <span class='ocrx_word' id='word_1_178' title='bbox 453 3514 521 3579; x_wconf 91' lang='grc' dir='ltr'>κίεν</span> <span class='ocrx_word' id='word_1_179' title='bbox 535 3512 595 3599; x_wconf 81' lang='grc' dir='ltr'>ᾖσι</span> <span class='ocrx_word' id='word_1_180' title='bbox 611 3514 819 3601; x_wconf 87' lang='grc' dir='ltr'>προθυμίῃσι</span> <span class='ocrx_word' id='word_1_181' title='bbox 835 3514 1015 3594; x_wconf 81' lang='grc' dir='ltr'>πεποιθώς,</span> 
     </span>
    </p>

    <p class='ocr_par' dir='ltr' id='par_1_28' title="bbox 239 3612 1248 3707">
     <span class='ocr_line' id='line_1_29' title="bbox 239 3612 1248 3707; baseline 0.008 -27"><span class='ocrx_word' id='word_1_182' title='bbox 239 3618 286 3702; x_wconf 78' lang='grc' dir='ltr'>τῷ</span> <span class='ocrx_word' id='word_1_183' title='bbox 301 3617 438 3707; x_wconf 77' lang='grc' dir='ltr'>Σατάνα</span> <span class='ocrx_word' id='word_1_184' title='bbox 452 3618 513 3699; x_wconf 81' lang='grc' dir='ltr'>μὲν</span> <span class='ocrx_word' id='word_1_185' title='bbox 528 3617 630 3683; x_wconf 83' lang='grc' dir='ltr'>ἔπειτ’</span> <span class='ocrx_word' id='word_1_186' title='bbox 647 3617 736 3701; x_wconf 88' lang='grc' dir='ltr'>ὄνομ’</span> <span class='ocrx_word' id='word_1_187' title='bbox 753 3618 803 3698; x_wconf 85' lang='grc' dir='ltr'>ἦν,</span> <span class='ocrx_word' id='word_1_188' title='bbox 819 3618 856 3682; x_wconf 89' lang='grc' dir='ltr'>τὸ</span> <span class='ocrx_word' id='word_1_189' title='bbox 873 3616 908 3682; x_wconf 85' lang='grc' dir='ltr'>δὲ</span> <span class='ocrx_word' id='word_1_190' title='bbox 922 3612 1071 3704; x_wconf 90' lang='grc' dir='ltr'>πρόσθεν</span> <span class='ocrx_word' id='word_1_191' title='bbox 1088 3617 1248 3690; x_wconf 82' lang='grc' dir='ltr'>ἐνισπεῖν</span> 
     </span>
    </p>

    <p class='ocr_par' dir='ltr' id='par_1_29' title="bbox 236 3719 1095 3809">
     <span class='ocr_line' id='line_1_30' title="bbox 236 3719 1095 3809; baseline 0.003 -26"><span class='ocrx_word' id='word_1_192' title='bbox 236 3719 275 3782; x_wconf 83' lang='grc' dir='ltr'>οὐ</span> <span class='ocrx_word' id='word_1_193' title='bbox 292 3719 394 3801; x_wconf 91' lang='grc' dir='ltr'>θέμις,</span> <span class='ocrx_word' id='word_1_194' title='bbox 411 3721 486 3785; x_wconf 84' lang='grc' dir='ltr'>οὐδέ</span> <span class='ocrx_word' id='word_1_195' title='bbox 502 3748 552 3792; x_wconf 90' lang='grc' dir='ltr'>τις</span> <span class='ocrx_word' id='word_1_196' title='bbox 568 3719 636 3785; x_wconf 82' lang='grc' dir='ltr'>οἶδε</span> <span class='ocrx_word' id='word_1_197' title='bbox 652 3720 883 3809; x_wconf 88' lang='grc' dir='ltr'>χαμαιγενέων</span> <span class='ocrx_word' id='word_1_198' title='bbox 899 3719 1095 3806; x_wconf 89' lang='grc' dir='ltr'>ἀνθρώπων.</span> 
     </span>
    </p>

    <p class='ocr_par' dir='ltr' id='par_1_30' title="bbox 235 3820 1153 3911">
     <span class='ocr_line' id='line_1_31' title="bbox 235 3820 1153 3911; baseline 0.005 -27"><span class='ocrx_word' id='word_1_199' title='bbox 235 3821 278 3892; x_wconf 88' lang='grc' dir='ltr'>ὡς</span> <span class='ocrx_word' id='word_1_200' title='bbox 294 3820 320 3886; x_wconf 86' lang='grc' dir='ltr'>δ’</span> <span class='ocrx_word' id='word_1_201' title='bbox 337 3822 393 3888; x_wconf 88' lang='grc' dir='ltr'>ὅτε</span> <span class='ocrx_word' id='word_1_202' title='bbox 409 3821 482 3905; x_wconf 84' lang='grc' dir='ltr'>κῦμ’</span> <span class='ocrx_word' id='word_1_203' title='bbox 500 3823 664 3911; x_wconf 85' lang='grc' dir='ltr'>ἐπέχησιν</span> <span class='ocrx_word' id='word_1_204' title='bbox 679 3824 846 3910; x_wconf 89' lang='grc' dir='ltr'>ἀτέρμονα</span> <span class='ocrx_word' id='word_1_205' title='bbox 863 3826 950 3888; x_wconf 86' lang='grc' dir='ltr'>νῶτα</span> <span class='ocrx_word' id='word_1_206' title='bbox 967 3823 1153 3906; x_wconf 87' lang='grc' dir='ltr'>θαλάσσης</span> 
     </span>
    </p>

    <p class='ocr_par' dir='ltr' id='par_1_31' title="bbox 233 3922 1057 4013">
     <span class='ocr_line' id='line_1_32' title="bbox 233 3922 1057 4013; baseline 0.002 -23"><span class='ocrx_word' id='word_1_207' title='bbox 233 3923 413 4013; x_wconf 82' lang='grc' dir='ltr'>ἐρχόμενον</span> <span class='ocrx_word' id='word_1_208' title='bbox 427 3925 574 4007; x_wconf 88' lang='grc' dir='ltr'>πόντοιο,</span> <span class='ocrx_word' id='word_1_209' title='bbox 589 3926 686 4009; x_wconf 89' lang='grc' dir='ltr'>μένος</span> <span class='ocrx_word' id='word_1_210' title='bbox 703 3926 738 3991; x_wconf 90' lang='grc' dir='ltr'>δέ</span> <span class='ocrx_word' id='word_1_211' title='bbox 754 3924 788 3991; x_wconf 86' lang='grc' dir='ltr'>οἱ</span> <span class='ocrx_word' id='word_1_212' title='bbox 802 3927 862 3992; x_wconf 84' lang='grc' dir='ltr'>οὐκ</span> <span class='ocrx_word' id='word_1_213' title='bbox 879 3922 1057 4006; x_wconf 88' lang='grc' dir='ltr'>ἐπιεικτόν,</span> 
     </span>
    </p>
   </div>
   <div class='ocr_carea' id='block_1_4' title="bbox 0 0 1431 5078">
    <p class='ocr_par' dir='ltr' id='par_1_32' title="bbox 0 0 1431 5078">
     <span class='ocr_line' id='line_1_33' title="bbox 0 0 1431 5078; baseline 0 0"><span class='ocrx_word' id='word_1_214' title='bbox 0 0 1431 5078; x_wconf 95' lang='lat' dir='ltr'> </span> 
     </span>
    </p>
   </div>
  </div>
 </body>
</html>
