2834 5340
229 781 277 828 820
551 781 734 831 SABRINAE
752 782 926 831 COROLLA.

275 946 383 1011 Sicine
399 945 455 1011 dat
469 948 591 1012 circum
605 948 710 1012 lentos
726 949 844 1013 oblivia
858 972 980 1027 sensus,

317 1048 490 1128 Inmemor,
507 1061 545 1114 ut
560 1072 655 1114 cursu
669 1062 822 1136 praepete
838 1063 966 1137 tempus
981 1053 1056 1115 eat?

275 1150 323 1216 Ut
337 1152 402 1216 cito
416 1153 482 1218 vita
497 1153 592 1238 fugit,
608 1165 760 1240 properat
774 1154 838 1219 cito
854 1155 976 1219 funeris
989 1154 1078 1231 hora,

318 1253 391 1320 Qvo
406 1255 537 1339 propior
551 1256 640 1320 venit
653 1255 742 1335 haec,
759 1258 846 1321 ocior
859 1257 915 1321 illa
928 1257 1024 1340 fugit.

274 1355 416 1442 Surgite,
432 1357 593 1436 mortales,
610 1368 644 1422 et
658 1370 763 1423 vastos
777 1359 899 1423 cernite
914 1370 1045 1435 tractus,

317 1459 407 1526 Qvot
421 1459 574 1523 decorent
588 1460 675 1524 varie
689 1460 793 1525 sidera
808 1460 880 1525 luce
894 1460 1025 1547 polum:

272 1562 411 1626 Divinas
425 1572 569 1648 spectate
586 1562 707 1642 domos,
724 1575 811 1628 tecta
824 1565 925 1629 ardua
939 1563 1029 1642 caeli,

315 1665 372 1744 Et,
390 1666 466 1752 qvid
480 1666 522 1730 sit
536 1666 688 1745 mundus,
705 1667 830 1746 discite,
846 1667 924 1752 qvid
938 1667 980 1731 sit
993 1666 1101 1731 homo.

274 1767 336 1833 Ille
351 1767 479 1853 qvidem
495 1791 629 1854 parvum
644 1780 693 1834 est
707 1770 792 1834 inter
806 1781 856 1834 tot
870 1769 974 1833 sidera
987 1768 1108 1846 lumen,

316 1869 382 1935 Hic
396 1871 484 1956 viget
497 1871 531 1934 in
546 1881 705 1957 punctum
721 1873 883 1958 temporis,
899 1872 975 1936 inde
989 1872 1085 1956 perit.

272 1973 309 2039 Si
324 1973 394 2060 qvis
408 1974 528 2059 ubiqve
542 1973 638 2052 faces,
656 1987 689 2038 et
704 1986 809 2039 tantas
824 1975 965 2060 undiqve
981 1974 1123 2038 flammas

315 2077 443 2156 Cernat,
462 2087 495 2140 et
509 2075 667 2140 aetherias
681 2077 756 2161 igne
771 2077 888 2141 micare
903 2078 989 2141 vias:

271 2180 389 2246 Omnia
402 2179 429 2244 si
444 2179 575 2244 solitum
590 2180 699 2244 videat
712 2181 872 2245 servantia
887 2202 1027 2258 cursum,

315 2284 440 2368 Cuiqve
455 2282 528 2346 Deo
541 2283 688 2368 proprias
701 2283 929 2369 suppeditante
944 2283 1047 2348 vices:

270 2388 389 2452 Nonne
403 2385 481 2450 velit
495 2386 607 2450 mundi
622 2385 734 2450 letales
748 2386 892 2472 linqvere
907 2409 1009 2463 curas,

312 2490 359 2555 Et
374 2489 504 2554 tandem
518 2489 584 2553 vita
598 2488 749 2553 liberiore
764 2489 854 2553 frui?

271 2595 389 2659 Nonne
404 2594 493 2672 velit,
511 2605 652 2657 mentem
668 2594 820 2658 cohibent
836 2616 916 2679 qvae
931 2590 1069 2666 vincula,
1087 2589 1177 2667 solvi,

314 2696 363 2761 Ut
376 2707 467 2782 petat
481 2708 634 2775 aeternas,
651 2697 737 2761 unde
752 2699 794 2761 sit
809 2709 888 2774 orta,
905 2697 1025 2772 domos,

269 2802 341 2869 Qva
355 2800 472 2864 nitidas
487 2800 572 2864 inter
585 2799 692 2863 stellas
707 2802 858 2885 sedesqve
872 2800 982 2863 beatas

313 2906 383 2970 Pax
398 2914 432 2967 et
444 2915 535 2988 grata
550 2903 650 2969 Qvies
665 2915 777 2988 regnat
792 2915 825 2967 et
839 2901 942 2966 almus
957 2902 1078 2977 Amor;

270 3009 342 3076 Qvo
356 3007 424 3071 sine
440 3005 570 3069 tristitia
585 3006 671 3090 viget
685 3006 872 3090 incorrupta
887 3005 1058 3088 Voluptas,

311 3111 357 3173 Et
372 3107 496 3172 stabilis
510 3130 635 3192 semper
651 3107 766 3172 Gloria
779 3109 843 3171 fine
859 3110 965 3172 caret?

269 3213 298 3277 O
314 3211 417 3297 campi
432 3211 561 3288 virides,
578 3210 608 3273 Ο
622 3211 710 3295 pleni
726 3200 859 3274 floribus
873 3210 950 3294 agri,

312 3315 341 3379 O
357 3337 481 3399 semper
495 3313 597 3377 vitrea
612 3313 665 3397 qvi
680 3313 764 3391 fluis,
781 3313 892 3390 amnis,
909 3315 1006 3397 aqva!

267 3420 411 3484 Tantane
426 3415 576 3480 mortales
591 3416 741 3479 viderunt
755 3416 871 3499 gaudia
886 3414 976 3492 caeli,

311 3520 382 3584 Nec
397 3519 525 3582 miseras
537 3517 649 3580 mundi
665 3518 832 3582 deseruere
847 3518 982 3581 domos?

1095 3620 1123 3678 J.
1136 3621 1168 3677 L.

643 3736 803 3744 ..—

577 3890 742 3964 Christus
760 3891 871 3965 adest.

351 4051 457 4118 Qvom
474 4073 525 4113 me
540 4048 591 4112 vel
606 4049 714 4113 miseri
729 4049 892 4113 solicitant
907 4060 1012 4113 metus

350 4153 414 4218 Vel
428 4176 502 4238 spes
514 4152 585 4216 lusa
598 4153 727 4237 premit,
745 4153 900 4216 laetitiam
916 4164 993 4217 tuus

415 4256 555 4333 Reddat,
573 4254 710 4335 Christe,
727 4278 893 4320 susurrus:

481 4357 623 4436 Praesto,
641 4359 820 4436 netimeas,
837 4358 918 4442 Ego.
