2834 5340
531 829 713 878 SABRINAE
732 830 908 878 COROLLA.
1195 830 1226 876 63

219 1020 284 1091 Ἐκ
302 1025 358 1103 τῆς
375 1021 584 1104 ἐλεεινοτάτης
601 1016 780 1117 κωμῳδίας,
801 1022 828 1093 ἐν
845 1015 867 1115 ῆ
885 1024 1047 1118 Πυραμοῦ
1065 1016 1126 1090 καί
1144 1017 1228 1090 Θίσ-

302 1140 363 1234 βης
381 1138 577 1236 οἰκτρότατα
595 1139 780 1235 παθήματα
798 1134 954 1230 διηγεῖται
974 1138 990 1209 ό
1006 1137 1146 1222 ποιητής.

608 1301 829 1389 Παράβασις.

216 1421 257 1488 Ὠ
275 1423 444 1507 θεώμενοι,
458 1422 535 1514 τάχ’
553 1426 633 1496 ἴσως
649 1423 866 1508 θαυμάσεσθε
882 1423 941 1504 τῆν
958 1424 1046 1489 θέαν.

223 1526 302 1592 ἀλλ’
320 1527 379 1607 ἔτ’,
396 1526 465 1592 ἔστ’
483 1527 523 1594 ἂν
538 1528 649 1593 πάντα
664 1528 779 1615 φράση
794 1525 950 1607 τάληθές,
969 1527 1162 1610 θαυμάζετε.

222 1628 325 1717 ἄνδρα
339 1629 432 1696 τόνδε
446 1629 609 1717 Πυραμὸν
624 1629 689 1696 ὄντ’
705 1629 781 1711 ἴστ’,
798 1629 838 1713 ἢν
852 1629 1018 1710 βούλησθ’
1035 1630 1165 1711 εἰδέναι,

226 1733 342 1813 Θίσβη
357 1733 421 1820 γὰρ
437 1737 517 1804 παῖς
532 1734 818 1820 καλλιπρόσωπος
834 1732 918 1814 δήλη
934 1732 998 1798 ’στ’
1015 1734 1146 1814 ε’κεινηί.

224 1836 305 1923 άνῆρ
322 1835 348 1902 δ’
363 1837 539 1920 ούμπλειας
554 1838 699 1925 χάλικας
715 1837 771 1903 καὶ
785 1841 897 1918 πηλοῦ
911 1840 1094 1921 μιμήσεται

225 1944 336 2029 τεῖχος
351 1941 601 2027 τούπίτριπτον,
619 1941 745 2026 ἐραστὰ
762 1941 903 2028 διεῖργον
916 1941 962 2006 τὼ
979 1940 1044 2006 δύο.

225 2043 308 2109 τώδε
322 2044 387 2131 γάρ
403 2046 535 2134 τείχους
551 2043 591 2110 δι’
608 2044 692 2126 ὀπῆς
708 2043 860 2127 ἀσμένως
875 2045 1063 2131 τρισαθλίω

225 2152 280 2214 νῦν
294 2147 376 2234 πρὸς
391 2147 533 2229 ἀλλήλω
549 2146 774 2234 φιθυρίζουσ’·
799 2147 820 2213 ἃ
834 2148 948 2230 μηδεὶς
966 2147 1133 2232 θαυμάσῃ.

224 2249 326 2337 ἄνδρα
342 2255 447 2317 κεῖνον
462 2250 499 2332 δ’,
517 2249 550 2322 ὃς
566 2250 631 2317 κύν’
649 2250 742 2317 ι’πνόν
757 2250 785 2316 τ’
803 2250 875 2340 ἔχει
891 2251 1057 2332 κὰκάνθης
1071 2252 1189 2331 βάτον,

226 2354 367 2435 σελήνης
381 2354 564 2442 πρόσωπον
578 2353 685 2441 ὁρᾶθ’·
700 2355 740 2436 ῆν
754 2357 819 2441 γὰρ
834 2354 1002 2434 βούλησθ’
1021 2354 1150 2436 εἰδέναι,

225 2454 300 2522 τώδ’
314 2457 374 2523 οὐκ
390 2455 613 2545 αἰσχύνεσθον
626 2457 753 2543 ἐραστὰ
768 2459 797 2529 Σ
800 2456 953 2539 εληναίας
969 2458 1074 2528 σέλας

227 2559 273 2631 είς
287 2561 323 2624 Ν
325 2560 393 2626 ίνου
405 2560 535 2642 τύμβον
549 2565 810 2646 προαπαντῶντε
825 2561 881 2626 καὶ
897 2559 1040 2641 παίζοντ’
1058 2562 1134 2627 ἐκεῖ.

229 2662 342 2748 θηρίον
356 2661 422 2729 τόδ’
438 2663 481 2728 αὖ
495 2663 658 2752 χαροπόν,
675 2663 784 2730 λέονθ’
802 2663 838 2730 ὃν
853 2664 1090 2747 κικλήσκομεν,

230 2767 365 2847 Θίσβην
379 2767 514 2849 πιστήν·
539 2766 701 2855 ἐρχομένη
718 2765 744 2831 δ’
759 2767 780 2848 ῆ
796 2771 875 2837 παῖς
891 2766 1006 2836 νυκτὸς
1023 2766 1178 2853 ἔφθασεν·

229 2867 386 2953 ἐξέπληξ’
403 2869 462 2934 εἴτ’
477 2869 534 2936 οὖν
549 2868 704 2956 ε’φόβησ’·
722 2868 785 2935 ὦδε
799 2869 864 2957 γὰρ
880 2873 1005 2956 τρανῶς
1021 2870 1094 2956 ἐρῶ.

228 2972 418 3059 φεύγουσαν
430 2970 465 3037 δὲ
482 2970 655 3054 θοιμάτιον
669 2972 827 3037 λανθάνει
842 2972 969 3038 πίπτον
984 2973 1103 3060 χαμαί,

228 3077 281 3165 χὼ
295 3075 382 3141 λεἰον
396 3074 528 3158 γνάθοις
543 3074 731 3163 ἀκάθαρτος
746 3075 878 3163 χραίνει
893 3073 1094 3161 μιαιφόνοις.

230 3181 290 3246 κάν
302 3177 377 3268 τῷδ’
392 3179 469 3261 ἡδὺς
485 3175 657 3266 ύφικόμας
671 3176 887 3263 μειρακίσκος
901 3176 1106 3265 πρασμολὼν

229 3284 391 3366 κτάμενον
406 3281 480 3368 εὗρε
496 3281 669 3364 θοιμάτιον
686 3281 820 3362 Θίσβης
836 3286 959 3363 πιστῆς
973 3280 1146 3367 Παραμός.

231 3387 393 3474 φασγάνῳ
410 3385 445 3452 δὲ
461 3388 507 3473 τῷ
521 3387 658 3472 φοβερῷ
671 3389 718 3472 τῷ
732 3389 875 3472 φονῶντι
891 3385 1054 3471 φασγάνῳ

230 3494 303 3579 φλᾷ
317 3489 501 3578 φλογωπὸν
516 3488 695 3577 φαιταλέος
711 3491 842 3577 φοινίαν
858 3488 961 3576 φίλην
976 3490 1091 3575 φρένα.

231 3593 313 3676 εἶτα,
332 3593 450 3674 Θίσβη
465 3594 529 3680 γάρ
546 3593 742 3680 παρέμεινεν
755 3591 861 3680 μόρου
876 3596 975 3678 σκιᾶς
992 3593 1069 3671 ὕπο,

230 3700 330 3788 ἔγχος
345 3696 486 3779 είλκυσ’,
503 3696 561 3764 εἶτ’
578 3697 700 3764 ἔθανεν.
735 3698 848 3764 τᾶλλα
864 3696 890 3762 δ’
907 3697 964 3763 οὖν
978 3695 1076 3762 πάνθ’
1094 3697 1136 3766 ὡς
1153 3695 1235 3783 ἔχει,

229 3804 250 3885 ῆ
265 3802 401 3884 σελήνη,
418 3802 464 3867 τὼ
480 3800 526 3868 δύ’
543 3803 682 3889 ἐραστά,
697 3801 735 3868 τὸ
751 3806 873 3891 τεῖχος,
890 3802 943 3890 χὼ
957 3799 1057 3881 λέων,

231 3905 291 3972 οἵδ’
304 3903 520 3992 άφηγείσθων
533 3904 615 3985 τάδ’,
633 3904 693 3976 ἕως
708 3904 819 3971 ἐνθαδὶ
834 3902 966 3987 μένουσ’
982 3904 1043 3969 ἔτι.

420 4073 486 4145 Ἐκ
503 4078 558 4157 τῆς
577 4074 676 4155 αὐτῆς
693 4068 863 4170 κωμῳδίας
880 4072 1043 4164 λείψανον.

230 4215 277 4279 Π.
293 4214 361 4278 Δῖα
367 4211 395 4281 Σ
398 4210 556 4291 ελήνη,σὲ
567 4209 602 4276 δὲ
610 4215 827 4298 μαρμαρυγῆς
838 4210 966 4293 άγαμαι
976 4214 1033 4291 τῆς
1042 4206 1237 4289 ήλιοειδοῦς.

296 4316 425 4399 ἄγαμαι
441 4312 523 4395 δῆτ’,
541 4313 566 4380 ὦ
583 4314 638 4381 δῖα
652 4315 797 4395 Σελήνη,
814 4318 971 4397 σελαγεῖς
994 4312 1098 4383 σέλας
1122 4314 1239 4377 οὕνεκα

360 4417 528 4504 λαμπρόν·
