2834 5340
667 113 849 160 &Alsium
869 113 1041 159 (millimihi.

570 574 768 673 Tempestas
786 573 930 648 Caelum
948 576 1137 648 contraxit.

402 760 543 825 Horrida
557 759 732 845 pallentem
748 758 938 822 contristant
952 759 1069 843 frigora
1083 758 1200 835 lucem,

444 864 471 928 F
472 863 621 949 labraqve
637 886 710 926 cum
725 860 842 947 pluviis
857 862 1034 947 inreqvieta
1048 862 1126 926 suis.

404 966 491 1030 Vitis
506 989 613 1029 amans
627 965 738 1028 haeret
752 987 855 1043 muro,
871 965 927 1028 sed
942 965 1086 1028 cuilubet
1101 986 1196 1028 aurae

450 1068 517 1132 Dat
530 1069 628 1133 folia:
651 1081 685 1132 et
699 1079 838 1132 maestus
853 1068 910 1131 flet
924 1068 991 1132 sine
1007 1068 1073 1132 sole
1090 1069 1167 1133 dies.

404 1170 452 1235 Et
466 1171 543 1235 mihi
558 1171 732 1256 pallentem
747 1171 937 1234 contristant
949 1172 1068 1256 frigora
1079 1172 1191 1251 vitam,

448 1274 627 1359 Flabraqve
643 1297 717 1338 cum
731 1273 850 1358 pluviis
864 1273 1041 1358 inreqvieta
1055 1274 1133 1338 suis.

406 1378 584 1442 Praeterito
603 1400 694 1440 meus
707 1376 819 1440 haeret
833 1399 931 1454 amor,
948 1376 1004 1440 sed
1019 1399 1160 1462 qvaeqve
1174 1377 1326 1440 iuventae

450 1480 531 1564 Spes
545 1479 648 1564 perit:
674 1489 708 1541 et
721 1478 833 1542 maesti
848 1479 927 1541 flent
940 1479 1008 1542 sine
1023 1478 1088 1542 sole
1105 1479 1181 1542 dies.

405 1582 502 1647 Disce
518 1594 622 1646 tacere
639 1593 755 1659 tamen,
773 1604 827 1644 cor
841 1581 959 1659 flebile,
976 1581 1067 1644 mitte
1083 1581 1247 1664 qverelas;

450 1686 565 1751 Invida
579 1684 627 1748 sol
641 1684 727 1748 ultra
741 1683 853 1747 nubila
867 1683 954 1747 lucet
968 1684 1082 1747 adhue.

408 1789 484 1853 Sors
498 1799 555 1852 tua
569 1789 747 1852 eommunis
761 1787 891 1851 mundi:
915 1810 973 1850 sua
988 1788 1102 1871 cuiqve
1116 1787 1278 1870 proeella3

453 1890 577 1975 Cuiqve
592 1912 669 1953 suus
684 1889 843 1974 qvondam
857 1889 915 1952 flet
929 1889 997 1952 sine
1012 1888 1078 1952 sole
1094 1889 1171 1954 dies.

1275 1993 1311 2048 K.

793 2576 953 2649 Carolus.

632 2758 701 2823 Nos
716 2782 774 2844 per
789 2758 864 2836 elta,
881 2781 939 2821 nos
953 2781 1011 2843 per
1026 2781 1108 2837 arva,

633 2862 703 2926 Nos
718 2885 775 2946 per
790 2861 854 2925 alta
869 2860 1084 2945 qvaeritemus

635 2963 784 3028 Carolum
800 2963 1028 3027 desideratum.

635 3066 751 3130 Carolo
766 3077 842 3129 sunt
856 3066 947 3128 firma
963 3065 1051 3128 cordi

637 3169 735 3234 Pocla
751 3169 875 3234 Cereris
891 3182 924 3233 et
940 3169 1052 3253 Lyaei,

636 3272 813 3357 Caroloqve
829 3294 908 3357 qvae
925 3271 1035 3356 Lyaeo

640 3375 793 3460 Qvaeqve
810 3374 925 3438 Cerere
941 3373 1099 3437 firmiora:

637 3477 816 3562 Caroloqve
829 3475 972 3561 nympha
986 3475 1081 3554 bella,

637 3579 721 3643 Tota
736 3579 800 3643 mel
814 3601 1000 3663 merumqve
1015 3591 1133 3644 nectar.
