2834 5340
521 866 704 918 SABRINAE
723 867 897 916 COROLLA.
1167 868 1210 921 171

542 1168 701 1241 Martini
720 1168 871 1242 Festum.

380 1345 514 1410 Martini
529 1346 626 1410 rediit
641 1368 783 1412 sacrum:
808 1347 946 1411 fluentes

379 1448 521 1533 Tempus
536 1449 685 1512 cervisiae
700 1449 766 1513 dari
783 1449 928 1513 culullos.

378 1549 465 1617 Qvid
479 1550 506 1613 si
522 1562 634 1634 pergat
646 1550 749 1614 hiems
763 1551 803 1613 ab
819 1573 890 1613 arce
906 1548 984 1613 caeli

378 1654 512 1738 Semper
527 1653 698 1717 deciduum
713 1676 841 1716 movere
856 1652 979 1716 solem?

377 1755 483 1820 Nobis
498 1766 572 1818 ante
587 1755 676 1819 focos
692 1756 753 1819 crit
767 1755 944 1819 sedendum
957 1780 965 1832 3

376 1858 447 1922 Nos
461 1857 597 1920 flammis
612 1857 844 1942 crepitantibus
858 1856 1007 1920 fruemur

378 1961 492 2025 Securi
506 1960 691 2044 niviumqve
706 1960 947 2045 flaminumqve‚

377 2062 513 2127 Martini
528 2063 682 2126 redeunte
697 2063 770 2127 luce
785 2063 878 2128 festa.

373 2267 435 2332 Est
450 2267 504 2351 qvi
519 2289 605 2330 nunc
620 2267 757 2330 mediam
772 2266 955 2351 frequentat
968 2265 1094 2345 urbem,

375 2372 448 2438 Qva
461 2393 599 2456 pompae
614 2381 648 2433 et
663 2370 802 2434 celebres
817 2370 938 2455 ubiqve
955 2369 1026 2433 ludi

374 2473 507 2538 Fallunt
522 2473 640 2537 desidis
656 2472 795 2558 Hesperi
810 2495 944 2558 vapores

375 2575 498 2654 Mimis,
515 2576 669 2652 saltubus,
687 2575 836 2638 omnibus
851 2574 1032 2639 cachinnis:

376 2678 476 2758 Quae,
492 2680 613 2763 regina,
630 2678 691 2742 tibi
706 2678 798 2741 fuere
813 2678 914 2756 cordi,

374 2780 482 2848 Qvom
495 2781 613 2845 nostris
629 2780 725 2844 modo
739 2780 875 2844 lusubus
890 2779 1030 2845 favebas.

374 2885 423 2949 At
437 2907 502 2949 non
517 2885 684 2948 immemor
698 2883 750 2947 hic
765 2884 843 2947 boni
858 2882 934 2962 diei,

374 2987 536 3051 Martinus
550 2987 612 3050 sibi
626 3009 719 3071 qvem
730 2987 859 3051 ¹sacrum
875 2985 1003 3053 dicavit.

375 3192 454 3257 Post
468 3193 571 3271 ludos,
588 3193 728 3257 abeunte
743 3191 821 3270 sole,
838 3191 959 3257 circum

375 3295 547 3360 Cursantes
563 3296 706 3360 titubant
721 3318 848 3360 crucem
863 3295 1023 3360 forensem

373 3398 457 3464 Cum
472 3400 664 3466 saltantibus
678 3398 760 3463 ebrii
775 3398 893 3483 puellis

374 3501 517 3566 Bibones
532 3524 710 3586 operaeque
725 3501 854 3566 feriati:

374 3605 473 3672 Qveis
487 3628 588 3669 seram
602 3606 706 3690 gravis
720 3606 920 3690 impigerque
933 3614 1042 3669 custos

373 3707 568 3792 Campanam
582 3708 723 3772 monitor
737 3708 840 3793 qvatit
854 3733 861 3772 :
886 3707 1063 3793 iubentqve

373 3809 443 3874 lam
458 3834 525 3875 sese
540 3835 622 3897 puer
634 3811 771 3876 invicem
787 3822 820 3876 et
834 3810 945 3898 puella

371 3912 570 4000 Martiniqve
583 3914 718 3979 hilarem
731 3914 837 3978 velere
850 3922 989 3978 noctem.

371 4118 569 4204 Martiniqve
584 4119 703 4183 iterum
716 4119 784 4182 dies
798 4117 928 4196 redibit,

371 4225 524 4291 Qvamvis
537 4223 637 4288 flabra
650 4224 761 4288 iurant
773 4222 925 4308 nivesque
940 4231 974 4286 et
987 4220 1115 4286 imbres.

374 4326 439 4389 Sed
453 4325 534 4391 fient
548 4326 753 4391 memoranda
766 4325 879 4404 multa,
895 4324 992 4389 multi

372 4428 514 4493 Stabunt
528 4429 690 4494 iudicibus
705 4429 882 4521 cadentqve
897 4448 1013 4505 coram,
