2834 5340
267 822 315 868 324
582 820 765 869 SABRINAE
784 820 960 871 COROLLA.

399 988 456 1052 Sin
474 998 510 1051 tu
524 989 702 1074 benignum
716 990 893 1068 sustuleris,
911 991 1012 1068 Deus,

398 1091 547 1169 Vultum,
563 1092 716 1155 fatiscunt
730 1092 838 1155 omnia
850 1092 972 1156 lumine

464 1193 602 1271 Privata,
618 1194 809 1278 devotasqve
825 1205 924 1258 terras

526 1295 587 1361 Vis
600 1296 736 1381 populat
750 1296 871 1360 furiosa
886 1297 962 1361 leti:

398 1515 486 1580 Hinc
501 1515 702 1580 etmalorum
718 1515 857 1581 difficilis
872 1516 984 1580 cohors

399 1618 564 1683 Incumbit
578 1619 680 1704 aegris
693 1619 856 1704 gentibus,
872 1620 947 1684 hinc
961 1619 1071 1698 fames,

464 1722 551 1787 Hinc
566 1723 666 1808 pestis
680 1722 852 1809 improvisa
866 1723 967 1787 mittit

528 1824 707 1888 Perniciem
723 1825 852 1889 miseras
865 1848 924 1910 per
939 1825 1044 1890 urbes.

398 2045 462 2109 Ter
475 2045 532 2109 ille
546 2045 639 2124 felix,
656 2047 788 2111 numine
803 2046 860 2132 qui
876 2057 933 2110 tuo

397 2147 513 2212 Fretus
527 2159 671 2212 carentes
685 2148 807 2233 flagitio
822 2170 935 2212 manus

461 2250 621 2329 Custodit,
639 2263 672 2314 et
687 2252 814 2316 decreta
830 2251 936 2315 Patris

526 2352 689 2438 Obscqvio
703 2354 790 2418 facili
806 2364 936 2418 tuetur:

396 2576 544 2661 Namque
559 2576 614 2641 ille
630 2586 720 2641 tutus
732 2576 890 2662 praesidio
906 2576 970 2640 Dei

396 2678 472 2742 Non
487 2678 660 2744 insolentes
676 2678 873 2762 terrigenum
888 2679 990 2741 minas

459 2781 634 2859 Formidat,
651 2793 708 2846 aut
724 2782 825 2845 fastus
842 2782 968 2865 tyranni

526 2883 658 2947 Grande
671 2883 759 2947 nefas
775 2884 881 2946 animo
897 2881 1072 2946 moventis:

398 3088 462 3151 Sed
477 3111 572 3172 qvom
588 3088 709 3153 trisulci
724 3088 870 3152 fulminis
885 3088 1011 3173 impetu

398 3191 542 3254 Disiecta
557 3201 658 3254 terrac
673 3191 800 3254 moenia
814 3191 993 3275 procident,

463 3294 611 3370 Securus,
627 3292 790 3356 inlabente
806 3294 937 3371 mundo,

526 3392 640 3457 Mente
654 3393 737 3458 feret
752 3392 853 3458 solida
868 3394 987 3458 ruinas.

620 3763 678 3836 Ad
694 3763 909 3837 Mctcornm.

310 3929 400 3996 Qvid
414 3930 493 3995 mihi
508 3941 558 3995 tot
572 3932 664 4010 soles,
681 3931 800 4010 stellas,
816 3931 1011 4015 nebulasqve
1026 3935 1194 3996 recenses?

351 4035 416 4112 An,
433 4035 494 4098 nisi
510 4036 592 4120 qvod
607 4058 765 4114 numeras,
782 4035 906 4099 esttibi
921 4034 1041 4118 grande
1056 4034 1162 4098 nihil?

309 4135 399 4202 Qvae
415 4137 573 4221 Spatium,
589 4137 746 4215 Meteore,
764 4138 849 4223 capit
861 4135 911 4200 vel
927 4160 1080 4201 maxuma
1094 4159 1195 4215 curas,

355 4238 419 4303 Sed
436 4240 584 4326 Spatium
599 4240 706 4325 magni
722 4240 779 4319 nil,
798 4240 955 4317 Meteone,
972 4240 1067 4325 capit.

911 4361 949 4418 K.
966 4359 1014 4438 (en
1029 4357 1211 4436 Scfflnnrno.)
