2834 5340
489 836 671 886 SABRINAE
689 836 864 886 COROLLA

579 1157 785 1232 Caledonio.

220 1357 320 1433 Dura,
338 1365 505 1441 poetarum
520 1353 634 1417 nutrix
649 1355 833 1439 aptissums,
850 1353 957 1432 tellus,

263 1458 367 1525 Qvam
381 1479 494 1520 nemus
510 1465 543 1519 et
555 1456 656 1519 rubea
670 1457 765 1520 vestit
779 1458 862 1520 erica
877 1479 987 1533 coma3

221 1561 331 1625 Scotia
345 1559 499 1624 caeruleis
514 1558 652 1622 Acheloi
667 1559 752 1623 laeta
766 1559 906 1636 fluentis,

262 1661 363 1725 Laeta
373 1662 483 1745 jugis3
505 1660 651 1746 patribus
668 1661 777 1725 Scotia
792 1684 864 1724 cara
880 1662 977 1740 meis3

221 1763 311 1830 Qvae
326 1786 440 1827 manus
454 1762 576 1826 aeterni
590 1762 646 1847 pia
659 1761 787 1826 vincula
800 1773 929 1848 rumpat
943 1763 1069 1840 amoris,

263 1865 309 1929 Et
323 1888 480 1929 memores
496 1887 568 1928 orae
584 1887 643 1928 nos
656 1875 745 1928 vetet
760 1888 827 1928 esse
842 1867 941 1929 tuae?

220 1967 353 2051 Singula
367 1990 425 2052 per
439 1977 533 2030 notos
548 1967 626 2030 dum
640 1989 715 2030 rura
729 1966 896 2030 revisimus
910 1990 1012 2052 agros,

262 2069 309 2133 Et
323 2093 403 2154 qvae
417 2078 503 2146 sunt,
520 2068 637 2146 animo,
655 2091 796 2153 qvaeqve
810 2068 911 2147 fuere,
928 2091 1051 2154 sequor,

220 2170 379 2234 Omnibus
394 2170 517 2234 amissis
532 2182 588 2233 tua
601 2170 665 2233 iam
679 2169 832 2233 lenimina
847 2171 939 2234 nobis

262 2273 308 2335 Et
322 2294 453 2335 nemora
467 2283 500 2334 et
514 2293 615 2355 purae
629 2270 696 2334 sola
710 2271 861 2335 videntur
874 2295 984 2356 aqvae.

220 2375 361 2439 Tantum
376 2375 489 2438 erescit
503 2397 592 2438 amor
606 2384 761 2459 qvantum
775 2374 952 2438 infortunia
965 2386 1129 2453 crescunt;

264 2476 352 2540 Hine
366 2476 466 2561 magis
480 2477 537 2540 illa
551 2476 658 2540 animo
673 2499 745 2541 cara
758 2476 920 2561 magisqve
934 2500 1017 2543 meo.

220 2577 294 2664 lpse
310 2579 469 2663 eqvidem,
485 2601 580 2641 nemo
595 2578 622 2641 si
637 2579 780 2642 membra
794 2578 905 2643 senilia
921 2579 1027 2657 ducat,

263 2680 318 2743 Ad
332 2702 419 2743 sacra
433 2679 607 2744 Varroviae
622 2679 757 2744 flumina
771 2679 857 2744 solus
872 2703 963 2758 eam3

223 2780 332 2846 Notus
347 2792 380 2846 et
394 2783 541 2846 Ettriciis
555 2783 663 2847 veniat
676 2784 772 2847 modo
786 2793 901 2846 ventus
915 2784 955 2847 ab
971 2783 1064 2861 arviS,

265 2884 367 2949 Arida
382 2883 522 2948 brumali
538 2894 658 2948 torreat
672 2908 728 2948 ora
740 2884 835 2969 gelu3

221 2985 268 3049 Et
280 3008 381 3071 prope
396 2985 542 3063 dilectos,
559 2984 723 3049 Teviotica
739 3008 826 3063 saxa,
843 3007 984 3048 recessus

265 3086 295 3152 Ο
310 3086 405 3151 liceat
419 3087 524 3152 solum
540 3088 724 3173 deposuisse
739 3100 847 3172 caput,

221 3188 420 3274 Quamquam
434 3189 515 3252 vatis
530 3200 626 3252 erunt
640 3201 768 3253 aeterna
783 3188 911 3268 oblivia,
929 3211 1117 3276 qvamqvam

265 3291 407 3355 Ultimus
421 3291 544 3355 aerium
558 3291 690 3376 spiritus
704 3291 765 3356 ibit
778 3291 841 3355 iter
856 3295 863 3356 Ι

1032 3395 1070 3453 Η.
1086 3396 1120 3454 Τ.

545 3539 814 3551 ᾖ

595 3739 756 3830 Αἲννγμα.

221 3940 287 4020 Τῆς
303 3936 432 4027 Τέχνης
445 3936 575 4024 βρέφος
591 3936 668 4020 εἰμί,
686 3936 788 4010 Φύσις
803 3937 839 4003 δέ
853 3964 896 4021 με
910 3939 1041 4022 γείνατο
1056 3943 1174 4032 μήτηρ·

262 4044 396 4124 μᾶλλον
409 4039 475 4121 ἐγὼ
489 4039 606 4124 ψεύδω
620 4042 755 4122 μᾶλλον
768 4041 893 4120 ἀληθὲς
908 4041 971 4108 ἐόν·

222 4144 261 4209 οὐ
274 4141 352 4222 βίον
367 4141 499 4208 ἐκτείνο)
516 4142 656 4224 θνητοῖς,
673 4142 813 4211 θάνατον
829 4143 856 4208 δ’
873 4144 1040 4231 ἀπερύκω,

265 4246 322 4311 καὶ
337 4244 375 4312 τό
391 4243 425 4329 μ’
441 4244 526 4328 ἄγον
537 4251 640 4333 γῆρας
656 4246 753 4329 θῆκεν
767 4247 853 4329 ἄγον
868 4248 993 4336 νεαρόν.

987 4387 1025 4444 Η.
1039 4387 1067 4445 J.
1081 4387 1120 4445 H.
