<?xml version="1.0" encoding="UTF-8"?>
<!DOCTYPE html PUBLIC "-//W3C//DTD XHTML 1.0 Transitional//EN"
    "http://www.w3.org/TR/xhtml1/DTD/xhtml1-transitional.dtd">
<html xmlns="http://www.w3.org/1999/xhtml" xml:lang="en" lang="en">
 <head>
  <title>
</title>
<meta http-equiv="Content-Type" content="text/html;charset=utf-8" />
  <meta name='ocr-system' content='tesseract 3.04.00' />
  <meta name='ocr-capabilities' content='ocr_page ocr_carea ocr_par ocr_line ocrx_word'/>
</head>
<body>
  <div class='ocr_page' id='page_1' title='image "./sabrinaecorolla00enggoog_0078.png"; bbox 0 0 2834 5340; ppageno 0'>
   <div class='ocr_carea' id='block_1_1' title="bbox 486 888 862 941">
    <p class='ocr_par' dir='ltr' id='par_1_1' title="bbox 486 888 862 941">
     <span class='ocr_line' id='line_1_1' title="bbox 486 888 862 941; baseline 0.008 -4"><span class='ocrx_word' id='word_1_1' title='bbox 486 888 669 938; x_wconf 78' lang='lat' dir='ltr'>SABRINAE</span> <span class='ocrx_word' id='word_1_2' title='bbox 688 890 862 941; x_wconf 84' lang='lat' dir='ltr'><strong>COROLLA.</strong></span> 
     </span>
    </p>
   </div>
   <div class='ocr_carea' id='block_1_2' title="bbox 475 1147 876 1246">
    <p class='ocr_par' dir='ltr' id='par_1_2' title="bbox 475 1147 876 1246">
     <span class='ocr_line' id='line_1_2' title="bbox 475 1147 876 1246; baseline 0.01 -26"><span class='ocrx_word' id='word_1_3' title='bbox 475 1147 750 1246; x_wconf 81' lang='lat' dir='ltr'>Mensflactuot</span> <span class='ocrx_word' id='word_1_4' title='bbox 768 1164 876 1225; x_wconf 78' lang='lat' dir='ltr'>aesta.</span> 
     </span>
    </p>
   </div>
   <div class='ocr_carea' id='block_1_3' title="bbox 167 1331 1134 2856">
    <p class='ocr_par' dir='ltr' id='par_1_3' title="bbox 171 1331 1076 1827">
     <span class='ocr_line' id='line_1_3' title="bbox 172 1331 1053 1414; baseline 0.002 -20"><span class='ocrx_word' id='word_1_5' title='bbox 172 1331 268 1395; x_wconf 91' lang='lat' dir='ltr'>Mens</span> <span class='ocrx_word' id='word_1_6' title='bbox 282 1353 363 1410; x_wconf 89' lang='lat' dir='ltr'>mea,</span> <span class='ocrx_word' id='word_1_7' title='bbox 379 1353 439 1395; x_wconf 87' lang='lat' dir='ltr'>ceu</span> <span class='ocrx_word' id='word_1_8' title='bbox 453 1331 545 1414; x_wconf 85' lang='lat' dir='ltr'>figuli</span> <span class='ocrx_word' id='word_1_9' title='bbox 561 1354 691 1395; x_wconf 87' lang='lat' dir='ltr'>currens</span> <span class='ocrx_word' id='word_1_10' title='bbox 704 1344 785 1411; x_wconf 90' lang='lat' dir='ltr'>rota,</span> <span class='ocrx_word' id='word_1_11' title='bbox 803 1332 942 1397; x_wconf 83' lang='lat' dir='ltr'>volvitur</span> <span class='ocrx_word' id='word_1_12' title='bbox 957 1333 1053 1412; x_wconf 87' lang='lat' dir='ltr'>orbe;</span> 
     </span>
     <span class='ocr_line' id='line_1_4' title="bbox 172 1433 1076 1520; baseline 0.003 -23"><span class='ocrx_word' id='word_1_13' title='bbox 172 1433 290 1498; x_wconf 87' lang='lat' dir='ltr'>Nescio</span> <span class='ocrx_word' id='word_1_14' title='bbox 305 1458 363 1498; x_wconf 89' lang='lat' dir='ltr'>neo</span> <span class='ocrx_word' id='word_1_15' title='bbox 379 1435 455 1520; x_wconf 81' lang='lat' dir='ltr'>qvid</span> <span class='ocrx_word' id='word_1_16' title='bbox 469 1457 571 1519; x_wconf 83' lang='lat' dir='ltr'>agam,</span> <span class='ocrx_word' id='word_1_17' title='bbox 588 1458 646 1498; x_wconf 90' lang='lat' dir='ltr'>neo</span> <span class='ocrx_word' id='word_1_18' title='bbox 662 1436 750 1520; x_wconf 88' lang='lat' dir='ltr'>qveis</span> <span class='ocrx_word' id='word_1_19' title='bbox 763 1436 950 1519; x_wconf 84' lang='lat' dir='ltr'>regionibus</span> <span class='ocrx_word' id='word_1_20' title='bbox 964 1459 1076 1501; x_wconf 88' lang='lat' dir='ltr'>errem.</span> 
     </span>
     <span class='ocr_line' id='line_1_5' title="bbox 171 1536 1046 1622; baseline 0.002 -22"><span class='ocrx_word' id='word_1_21' title='bbox 171 1536 304 1600; x_wconf 86' lang='lat' dir='ltr'><strong>Femina</strong></span> <span class='ocrx_word' id='word_1_22' title='bbox 318 1560 392 1622; x_wconf 88' lang='lat' dir='ltr'>saga</span> <span class='ocrx_word' id='word_1_23' title='bbox 406 1547 506 1615; x_wconf 90' lang='lat' dir='ltr'>metu,</span> <span class='ocrx_word' id='word_1_24' title='bbox 523 1560 587 1600; x_wconf 91' lang='lat' dir='ltr'>non</span> <span class='ocrx_word' id='word_1_25' title='bbox 603 1538 645 1615; x_wconf 79' lang='lat' dir='ltr'>ri,</span> <span class='ocrx_word' id='word_1_26' title='bbox 662 1537 752 1601; x_wconf 91' lang='lat' dir='ltr'>velut</span> <span class='ocrx_word' id='word_1_27' title='bbox 768 1538 943 1616; x_wconf 83' lang='lat' dir='ltr'><strong>Hannibal,</strong></span> <span class='ocrx_word' id='word_1_28' title='bbox 959 1561 1046 1602; x_wconf 87' lang='lat' dir='ltr'>arma</span> 
     </span>
     <span class='ocr_line' id='line_1_6' title="bbox 171 1638 1066 1725; baseline 0.003 -23"><span class='ocrx_word' id='word_1_29' title='bbox 171 1638 291 1703; x_wconf 89' lang='lat' dir='ltr'>Nostra</span> <span class='ocrx_word' id='word_1_30' title='bbox 304 1649 470 1724; x_wconf 70' lang='lat' dir='ltr'>retorquet</span> <span class='ocrx_word' id='word_1_31' title='bbox 484 1662 590 1723; x_wconf 83' lang='lat' dir='ltr'>agens,</span> <span class='ocrx_word' id='word_1_32' title='bbox 605 1640 810 1725; x_wconf 81' lang='lat' dir='ltr'>victriciaqve</span> <span class='ocrx_word' id='word_1_33' title='bbox 825 1642 951 1724; x_wconf 83' lang='lat' dir='ltr'>agmina</span> <span class='ocrx_word' id='word_1_34' title='bbox 966 1641 1066 1705; x_wconf 88' lang='lat' dir='ltr'>ducit.</span> 
     </span>
     <span class='ocr_line' id='line_1_7' title="bbox 171 1740 978 1827; baseline -0.001 -20"><span class='ocrx_word' id='word_1_35' title='bbox 171 1740 283 1807; x_wconf 82' lang='lat' dir='ltr'>Qvalis</span> <span class='ocrx_word' id='word_1_36' title='bbox 298 1764 373 1827; x_wconf 87' lang='lat' dir='ltr'>apes</span> <span class='ocrx_word' id='word_1_37' title='bbox 388 1764 486 1826; x_wconf 89' lang='lat' dir='ltr'>vapor</span> <span class='ocrx_word' id='word_1_38' title='bbox 500 1742 647 1805; x_wconf 89' lang='lat' dir='ltr'>admotus</span> <span class='ocrx_word' id='word_1_39' title='bbox 662 1741 800 1827; x_wconf 88' lang='lat' dir='ltr'>qvalisve</span> <span class='ocrx_word' id='word_1_40' title='bbox 815 1742 978 1806; x_wconf 85' lang='lat' dir='ltr'>columbas</span> 
     </span>
    </p>

    <p class='ocr_par' dir='ltr' id='par_1_4' title="bbox 172 1842 987 1930">
     <span class='ocr_line' id='line_1_8' title="bbox 172 1842 987 1930; baseline 0.004 -24"><span class='ocrx_word' id='word_1_41' title='bbox 172 1842 270 1907; x_wconf 89' lang='lat' dir='ltr'>Teter</span> <span class='ocrx_word' id='word_1_42' title='bbox 285 1844 363 1908; x_wconf 90' lang='lat' dir='ltr'>odor</span> <span class='ocrx_word' id='word_1_43' title='bbox 378 1844 492 1907; x_wconf 89' lang='lat' dir='ltr'>turrim</span> <span class='ocrx_word' id='word_1_44' title='bbox 507 1854 564 1907; x_wconf 91' lang='lat' dir='ltr'>aut</span> <span class='ocrx_word' id='word_1_45' title='bbox 578 1843 714 1907; x_wconf 86' lang='lat' dir='ltr'>alvearia</span> <span class='ocrx_word' id='word_1_46' title='bbox 727 1844 871 1930; x_wconf 85' lang='lat' dir='ltr'>propulit</span> <span class='ocrx_word' id='word_1_47' title='bbox 885 1857 987 1909; x_wconf 83' lang='lat' dir='ltr'>extra.</span> 
     </span>
    </p>

    <p class='ocr_par' dir='ltr' id='par_1_5' title="bbox 171 1945 937 2010">
     <span class='ocr_line' id='line_1_9' title="bbox 171 1945 937 2010; baseline 0 0"><span class='ocrx_word' id='word_1_48' title='bbox 171 1945 238 2010; x_wconf 91' lang='lat' dir='ltr'>Olli</span> <span class='ocrx_word' id='word_1_49' title='bbox 252 1969 359 2010; x_wconf 91' lang='lat' dir='ltr'>nonne</span> <span class='ocrx_word' id='word_1_50' title='bbox 375 1969 469 2010; x_wconf 86' lang='lat' dir='ltr'>canes</span> <span class='ocrx_word' id='word_1_51' title='bbox 484 1968 542 2009; x_wconf 90' lang='lat' dir='ltr'>nos</span> <span class='ocrx_word' id='word_1_52' title='bbox 556 1947 619 2009; x_wconf 90' lang='lat' dir='ltr'>iam</span> <span class='ocrx_word' id='word_1_53' title='bbox 636 1947 748 2009; x_wconf 84' lang='lat' dir='ltr'><strong>dixere</strong></span> <span class='ocrx_word' id='word_1_54' title='bbox 764 1946 937 2010; x_wconf 84' lang='lat' dir='ltr'>Britannos</span> 
     </span>
    </p>

    <p class='ocr_par' dir='ltr' id='par_1_6' title="bbox 169 2047 1134 2236">
     <span class='ocr_line' id='line_1_10' title="bbox 171 2047 1134 2133; baseline 0.001 -21"><span class='ocrx_word' id='word_1_55' title='bbox 171 2047 308 2133; x_wconf 87' lang='lat' dir='ltr'>Propter</span> <span class='ocrx_word' id='word_1_56' title='bbox 321 2060 462 2112; x_wconf 86' lang='lat' dir='ltr'>atrocem</span> <span class='ocrx_word' id='word_1_57' title='bbox 476 2048 644 2112; x_wconf 78' lang='lat' dir='ltr'>animum?</span> <span class='ocrx_word' id='word_1_58' title='bbox 688 2047 805 2112; x_wconf 92' lang='lat' dir='ltr'>Patulo</span> <span class='ocrx_word' id='word_1_59' title='bbox 821 2049 1064 2113; x_wconf 85' lang='lat' dir='ltr'>exululantibus</span> <span class='ocrx_word' id='word_1_60' title='bbox 1080 2072 1134 2114; x_wconf 89' lang='lat' dir='ltr'>ore</span> 
     </span>
     <span class='ocr_line' id='line_1_11' title="bbox 169 2151 995 2236; baseline 0.002 -22"><span class='ocrx_word' id='word_1_61' title='bbox 169 2151 202 2214; x_wconf 93' lang='lat' dir='ltr'>N</span> <span class='ocrx_word' id='word_1_62' title='bbox 205 2173 267 2215; x_wconf 90' lang='lat' dir='ltr'>uno</span> <span class='ocrx_word' id='word_1_63' title='bbox 281 2151 395 2215; x_wconf 81' lang='lat' dir='ltr'>catulis</span> <span class='ocrx_word' id='word_1_64' title='bbox 409 2151 528 2215; x_wconf 87' lang='lat' dir='ltr'>similes</span> <span class='ocrx_word' id='word_1_65' title='bbox 543 2151 749 2215; x_wconf 87' lang='lat' dir='ltr'>discurrimus</span> <span class='ocrx_word' id='word_1_66' title='bbox 763 2175 899 2236; x_wconf 88' lang='lat' dir='ltr'>aeqvore</span> <span class='ocrx_word' id='word_1_67' title='bbox 915 2163 995 2216; x_wconf 90' lang='lat' dir='ltr'>tot0.</span> 
     </span>
    </p>

    <p class='ocr_par' dir='ltr' id='par_1_7' title="bbox 168 2253 1094 2629">
     <span class='ocr_line' id='line_1_12' title="bbox 171 2253 1094 2338; baseline 0.003 -21"><span class='ocrx_word' id='word_1_68' title='bbox 171 2253 244 2318; x_wconf 88' lang='lat' dir='ltr'>Hoc</span> <span class='ocrx_word' id='word_1_69' title='bbox 258 2255 354 2338; x_wconf 85' lang='lat' dir='ltr'>agite,</span> <span class='ocrx_word' id='word_1_70' title='bbox 373 2254 402 2318; x_wconf 95' lang='lat' dir='ltr'>O</span> <span class='ocrx_word' id='word_1_71' title='bbox 418 2255 513 2319; x_wconf 86' lang='lat' dir='ltr'>socii:</span> <span class='ocrx_word' id='word_1_72' title='bbox 538 2265 596 2318; x_wconf 89' lang='lat' dir='ltr'>aut</span> <span class='ocrx_word' id='word_1_73' title='bbox 610 2255 711 2318; x_wconf 88' lang='lat' dir='ltr'>aciem</span> <span class='ocrx_word' id='word_1_74' title='bbox 725 2255 900 2319; x_wconf 88' lang='lat' dir='ltr'>instaurate</span> <span class='ocrx_word' id='word_1_75' title='bbox 915 2257 1094 2335; x_wconf 85' lang='lat' dir='ltr'>refractam,</span> 
     </span>
     <span class='ocr_line' id='line_1_13' title="bbox 170 2357 1014 2443; baseline 0.004 -24"><span class='ocrx_word' id='word_1_76' title='bbox 170 2357 241 2419; x_wconf 89' lang='lat' dir='ltr'>Aut</span> <span class='ocrx_word' id='word_1_77' title='bbox 256 2357 354 2441; x_wconf 86' lang='lat' dir='ltr'>signis</span> <span class='ocrx_word' id='word_1_78' title='bbox 368 2357 456 2443; x_wconf 87' lang='lat' dir='ltr'>picta</span> <span class='ocrx_word' id='word_1_79' title='bbox 470 2381 525 2421; x_wconf 91' lang='lat' dir='ltr'>ora</span> <span class='ocrx_word' id='word_1_80' title='bbox 540 2358 671 2422; x_wconf 91' lang='lat' dir='ltr'>leonum</span> <span class='ocrx_word' id='word_1_81' title='bbox 685 2358 865 2422; x_wconf 81' lang='lat' dir='ltr'>exscindite</span> <span class='ocrx_word' id='word_1_82' title='bbox 880 2359 1014 2424; x_wconf 90' lang='lat' dir='ltr'>nostris:</span> 
     </span>
     <span class='ocr_line' id='line_1_14' title="bbox 168 2458 1012 2546; baseline 0.004 -24"><span class='ocrx_word' id='word_1_83' title='bbox 168 2458 293 2523; x_wconf 85' lang='lat' dir='ltr'>Exuite</span> <span class='ocrx_word' id='word_1_84' title='bbox 307 2460 474 2545; x_wconf 85' lang='lat' dir='ltr'>ingenium</span> <span class='ocrx_word' id='word_1_85' title='bbox 488 2461 708 2546; x_wconf 89' lang='lat' dir='ltr'>patriamqve;</span> <span class='ocrx_word' id='word_1_86' title='bbox 732 2462 866 2546; x_wconf 87' lang='lat' dir='ltr'>locoqve</span> <span class='ocrx_word' id='word_1_87' title='bbox 880 2461 1012 2526; x_wconf 86' lang='lat' dir='ltr'>leonum</span> 
     </span>
     <span class='ocr_line' id='line_1_15' title="bbox 169 2560 912 2629; baseline 0.005 -5"><span class='ocrx_word' id='word_1_88' title='bbox 169 2560 309 2626; x_wconf 85' lang='lat' dir='ltr'>Inbelles</span> <span class='ocrx_word' id='word_1_89' title='bbox 324 2564 433 2627; x_wconf 90' lang='lat' dir='ltr'>ovium</span> <span class='ocrx_word' id='word_1_90' title='bbox 447 2564 482 2627; x_wconf 93' lang='lat' dir='ltr'>in</span> <span class='ocrx_word' id='word_1_91' title='bbox 496 2564 617 2628; x_wconf 84' lang='lat' dir='ltr'>vexilla</span> <span class='ocrx_word' id='word_1_92' title='bbox 631 2565 769 2628; x_wconf 85' lang='lat' dir='ltr'>retexite</span> <span class='ocrx_word' id='word_1_93' title='bbox 784 2565 912 2629; x_wconf 88' lang='lat' dir='ltr'>formas.</span> 
     </span>
    </p>

    <p class='ocr_par' dir='ltr' id='par_1_8' title="bbox 167 2662 1131 2856">
     <span class='ocr_line' id='line_1_16' title="bbox 169 2662 1022 2752; baseline 0.006 -26"><span class='ocrx_word' id='word_1_94' title='bbox 169 2662 246 2727; x_wconf 90' lang='lat' dir='ltr'>Non</span> <span class='ocrx_word' id='word_1_95' title='bbox 259 2665 307 2728; x_wconf 87' lang='lat' dir='ltr'>ita</span> <span class='ocrx_word' id='word_1_96' title='bbox 319 2688 400 2749; x_wconf 83' lang='lat' dir='ltr'>grex</span> <span class='ocrx_word' id='word_1_97' title='bbox 416 2666 525 2730; x_wconf 88' lang='lat' dir='ltr'>ovium</span> <span class='ocrx_word' id='word_1_98' title='bbox 540 2668 637 2731; x_wconf 92' lang='lat' dir='ltr'>modo</span> <span class='ocrx_word' id='word_1_99' title='bbox 652 2668 756 2731; x_wconf 85' lang='lat' dir='ltr'>visum</span> <span class='ocrx_word' id='word_1_100' title='bbox 770 2667 857 2752; x_wconf 84' lang='lat' dir='ltr'>fugit</span> <span class='ocrx_word' id='word_1_101' title='bbox 871 2667 1022 2732; x_wconf 90' lang='lat' dir='ltr'>anhelans</span> 
     </span>
     <span class='ocr_line' id='line_1_17' title="bbox 167 2767 1131 2856; baseline 0.003 -24"><span class='ocrx_word' id='word_1_102' title='bbox 167 2767 262 2832; x_wconf 83' lang='lat' dir='ltr'>Valle</span> <span class='ocrx_word' id='word_1_103' title='bbox 276 2768 401 2854; x_wconf 91' lang='lat' dir='ltr'>lupum,</span> <span class='ocrx_word' id='word_1_104' title='bbox 418 2793 483 2834; x_wconf 92' lang='lat' dir='ltr'>non</span> <span class='ocrx_word' id='word_1_105' title='bbox 498 2770 542 2834; x_wconf 87' lang='lat' dir='ltr'>sio</span> <span class='ocrx_word' id='word_1_106' title='bbox 558 2793 657 2856; x_wconf 91' lang='lat' dir='ltr'>eqvus</span> <span class='ocrx_word' id='word_1_107' title='bbox 673 2782 729 2835; x_wconf 91' lang='lat' dir='ltr'>aut</span> <span class='ocrx_word' id='word_1_108' title='bbox 744 2771 835 2834; x_wconf 88' lang='lat' dir='ltr'>bovis</span> <span class='ocrx_word' id='word_1_109' title='bbox 850 2771 970 2856; x_wconf 84' lang='lat' dir='ltr'>ungula</span> <span class='ocrx_word' id='word_1_110' title='bbox 983 2771 1131 2856; x_wconf 90' lang='lat' dir='ltr'>pardum,</span> 
     </span>
    </p>
   </div>
   <div class='ocr_carea' id='block_1_4' title="bbox 168 2868 1110 3036">
    <p class='ocr_par' dir='ltr' id='par_1_9' title="bbox 168 2868 1110 3036">
     <span class='ocr_line' id='line_1_18' title="bbox 168 2868 870 2958; baseline 0.003 -23"><span class='ocrx_word' id='word_1_111' title='bbox 168 2868 217 2935; x_wconf 91' lang='lat' dir='ltr'>Ut</span> <span class='ocrx_word' id='word_1_112' title='bbox 232 2871 329 2936; x_wconf 87' lang='lat' dir='ltr'>Gallo</span> <span class='ocrx_word' id='word_1_113' title='bbox 344 2873 439 2937; x_wconf 81' lang='lat' dir='ltr'>toties</span> <span class='ocrx_word' id='word_1_114' title='bbox 453 2873 539 2937; x_wconf 85' lang='lat' dir='ltr'>victo</span> <span class='ocrx_word' id='word_1_115' title='bbox 554 2896 609 2937; x_wconf 83' lang='lat' dir='ltr'>vos</span> <span class='ocrx_word' id='word_1_116' title='bbox 625 2885 714 2958; x_wconf 88' lang='lat' dir='ltr'>terga</span> <span class='ocrx_word' id='word_1_117' title='bbox 729 2874 870 2938; x_wconf 89' lang='lat' dir='ltr'>dedistis.</span> 
     </span>
     <span class='ocr_line' id='line_1_19' title="bbox 984 2978 1110 3036; baseline 0.016 -2"><span class='ocrx_word' id='word_1_118' title='bbox 984 2978 1017 3034; x_wconf 89' lang='grc' dir='ltr'>Τ.</span> <span class='ocrx_word' id='word_1_119' title='bbox 1034 2978 1061 3036; x_wconf 90' lang='lat' dir='ltr'>S.</span> <span class='ocrx_word' id='word_1_120' title='bbox 1077 2979 1110 3036; x_wconf 86' lang='grc' dir='ltr'>Ε.</span> 
     </span>
    </p>
   </div>
   <div class='ocr_carea' id='block_1_5' title="bbox 591 3143 748 3152">
    <p class='ocr_par' dir='ltr' id='par_1_10' title="bbox 591 3143 748 3152">
     <span class='ocr_line' id='line_1_20' title="bbox 591 3143 748 3152; baseline 0.025 -4"><span class='ocrx_word' id='word_1_121' title='bbox 591 3143 748 3152; x_wconf 45' lang='grc' dir='ltr'>..ζ</span> 
     </span>
    </p>
   </div>
   <div class='ocr_carea' id='block_1_6' title="bbox 533 3338 809 3421">
    <p class='ocr_par' dir='ltr' id='par_1_11' title="bbox 533 3338 809 3421">
     <span class='ocr_line' id='line_1_21' title="bbox 533 3338 809 3421; baseline 0 -11"><span class='ocrx_word' id='word_1_122' title='bbox 533 3338 673 3411; x_wconf 69' lang='lat' dir='ltr'>Turduli</span> <span class='ocrx_word' id='word_1_123' title='bbox 693 3338 809 3421; x_wconf 75' lang='lat' dir='ltr'>Qoiea</span> 
     </span>
    </p>
   </div>
   <div class='ocr_carea' id='block_1_7' title="bbox 381 3522 835 3917">
    <p class='ocr_par' dir='ltr' id='par_1_12' title="bbox 381 3522 835 3807">
     <span class='ocr_line' id='line_1_22' title="bbox 383 3522 835 3608; baseline 0 -22"><span class='ocrx_word' id='word_1_124' title='bbox 383 3522 481 3587; x_wconf 88' lang='lat' dir='ltr'>Alma</span> <span class='ocrx_word' id='word_1_125' title='bbox 495 3523 650 3587; x_wconf 87' lang='lat' dir='ltr'>flentibus</span> <span class='ocrx_word' id='word_1_126' title='bbox 665 3537 713 3586; x_wconf 89' lang='lat' dir='ltr'>est</span> <span class='ocrx_word' id='word_1_127' title='bbox 728 3523 835 3608; x_wconf 85' lang='lat' dir='ltr'>qvies;</span> 
     </span>
     <span class='ocr_line' id='line_1_23' title="bbox 381 3626 825 3712; baseline -0.002 -22"><span class='ocrx_word' id='word_1_128' title='bbox 381 3626 494 3691; x_wconf 86' lang='lat' dir='ltr'>Fessos</span> <span class='ocrx_word' id='word_1_129' title='bbox 508 3626 685 3712; x_wconf 89' lang='lat' dir='ltr'>hospitium</span> <span class='ocrx_word' id='word_1_130' title='bbox 699 3637 825 3704; x_wconf 89' lang='lat' dir='ltr'>manet;</span> 
     </span>
     <span class='ocr_line' id='line_1_24' title="bbox 382 3727 814 3807; baseline -0.002 -15"><span class='ocrx_word' id='word_1_131' title='bbox 382 3727 532 3792; x_wconf 86' lang='lat' dir='ltr'>Suaviter</span> <span class='ocrx_word' id='word_1_132' title='bbox 546 3729 713 3807; x_wconf 87' lang='lat' dir='ltr'>recubant,</span> <span class='ocrx_word' id='word_1_133' title='bbox 728 3728 814 3792; x_wconf 81' lang='lat' dir='ltr'>leves</span> 
     </span>
    </p>

    <p class='ocr_par' dir='ltr' id='par_1_13' title="bbox 427 3830 809 3917">
     <span class='ocr_line' id='line_1_25' title="bbox 427 3830 809 3917; baseline 0.003 -22"><span class='ocrx_word' id='word_1_134' title='bbox 427 3830 656 3917; x_wconf 87' lang='lat' dir='ltr'>Hauriuntqve</span> <span class='ocrx_word' id='word_1_135' title='bbox 670 3855 809 3917; x_wconf 86' lang='lat' dir='ltr'>sopores.</span> 
     </span>
    </p>
   </div>
   <div class='ocr_carea' id='block_1_8' title="bbox 382 4036 854 4430">
    <p class='ocr_par' dir='ltr' id='par_1_14' title="bbox 383 4036 845 4121">
     <span class='ocr_line' id='line_1_26' title="bbox 383 4036 845 4121; baseline 0 -21"><span class='ocrx_word' id='word_1_136' title='bbox 383 4037 523 4100; x_wconf 91' lang='lat' dir='ltr'>Brumae</span> <span class='ocrx_word' id='word_1_137' title='bbox 538 4037 732 4121; x_wconf 86' lang='lat' dir='ltr'>compositos</span> <span class='ocrx_word' id='word_1_138' title='bbox 745 4036 845 4100; x_wconf 93' lang='lat' dir='ltr'>humo</span> 
     </span>
    </p>

    <p class='ocr_par' dir='ltr' id='par_1_15' title="bbox 382 4138 826 4224">
     <span class='ocr_line' id='line_1_27' title="bbox 382 4138 826 4224; baseline 0.007 -23"><span class='ocrx_word' id='word_1_139' title='bbox 382 4138 493 4202; x_wconf 87' lang='lat' dir='ltr'>Turbo</span> <span class='ocrx_word' id='word_1_140' title='bbox 508 4161 573 4202; x_wconf 93' lang='lat' dir='ltr'>non</span> <span class='ocrx_word' id='word_1_141' title='bbox 588 4140 688 4224; x_wconf 85' lang='lat' dir='ltr'>magis</span> <span class='ocrx_word' id='word_1_142' title='bbox 703 4140 826 4204; x_wconf 83' lang='lat' dir='ltr'>excitat</span> 
     </span>
    </p>

    <p class='ocr_par' dir='ltr' id='par_1_16' title="bbox 382 4241 854 4430">
     <span class='ocr_line' id='line_1_28' title="bbox 382 4241 849 4327; baseline -0.002 -20"><span class='ocrx_word' id='word_1_143' title='bbox 382 4241 486 4307; x_wconf 85' lang='lat' dir='ltr'>Qvam</span> <span class='ocrx_word' id='word_1_144' title='bbox 501 4243 636 4327; x_wconf 89' lang='lat' dir='ltr'>suspiria</span> <span class='ocrx_word' id='word_1_145' title='bbox 651 4265 730 4327; x_wconf 88' lang='lat' dir='ltr'>qvae</span> <span class='ocrx_word' id='word_1_146' title='bbox 745 4265 849 4306; x_wconf 88' lang='lat' dir='ltr'>rosam</span> 
     </span>
     <span class='ocr_line' id='line_1_29' title="bbox 423 4344 854 4430; baseline 0.002 -22"><span class='ocrx_word' id='word_1_147' title='bbox 423 4344 531 4409; x_wconf 87' lang='lat' dir='ltr'>Vema</span> <span class='ocrx_word' id='word_1_148' title='bbox 545 4368 675 4430; x_wconf 85' lang='lat' dir='ltr'>vespere</span> <span class='ocrx_word' id='word_1_149' title='bbox 691 4345 854 4410; x_wconf 81' lang='lat' dir='ltr'>claudunt.</span> 
     </span>
    </p>
   </div>
   <div class='ocr_carea' id='block_1_9' title="bbox 0 0 1422 5340">
    <p class='ocr_par' dir='ltr' id='par_1_17' title="bbox 0 0 1422 5340">
     <span class='ocr_line' id='line_1_30' title="bbox 0 0 1422 5340; baseline 0 2"><span class='ocrx_word' id='word_1_150' title='bbox 0 0 1422 5340; x_wconf 95' lang='lat' dir='ltr'> </span> 
     </span>
    </p>
   </div>
  </div>
 </body>
</html>
