<?xml version="1.0" encoding="UTF-8"?>
<!DOCTYPE html PUBLIC "-//W3C//DTD XHTML 1.0 Transitional//EN"
    "http://www.w3.org/TR/xhtml1/DTD/xhtml1-transitional.dtd">
<html xmlns="http://www.w3.org/1999/xhtml" xml:lang="en" lang="en">
 <head>
  <title>
</title>
<meta http-equiv="Content-Type" content="text/html;charset=utf-8" />
  <meta name='ocr-system' content='tesseract 3.04.00' />
  <meta name='ocr-capabilities' content='ocr_page ocr_carea ocr_par ocr_line ocrx_word'/>
</head>
<body>
  <div class='ocr_page' id='page_1' title='image "./sabrinaecorolla00enggoog_0082.png"; bbox 0 0 2834 5340; ppageno 0'>
   <div class='ocr_carea' id='block_1_1' title="bbox 544 868 922 920">
    <p class='ocr_par' dir='ltr' id='par_1_1' title="bbox 544 868 922 920">
     <span class='ocr_line' id='line_1_1' title="bbox 544 868 922 920; baseline 0.003 -3"><span class='ocrx_word' id='word_1_1' title='bbox 544 868 727 920; x_wconf 82' lang='lat' dir='ltr'><strong>SABRINAE</strong></span> <span class='ocrx_word' id='word_1_2' title='bbox 745 868 922 920; x_wconf 83' lang='lat' dir='ltr'>COROLLA.</span> 
     </span>
    </p>
   </div>
   <div class='ocr_carea' id='block_1_2' title="bbox 488 1039 970 1434">
    <p class='ocr_par' dir='ltr' id='par_1_2' title="bbox 489 1039 870 1124">
     <span class='ocr_line' id='line_1_2' title="bbox 489 1039 870 1124; baseline 0.005 -23"><span class='ocrx_word' id='word_1_3' title='bbox 489 1039 570 1102; x_wconf 92' lang='lat' dir='ltr'>Mile</span> <span class='ocrx_word' id='word_1_4' title='bbox 587 1051 618 1102; x_wconf 90' lang='lat' dir='ltr'>te</span> <span class='ocrx_word' id='word_1_5' title='bbox 632 1062 726 1124; x_wconf 85' lang='lat' dir='ltr'>prece</span> <span class='ocrx_word' id='word_1_6' title='bbox 740 1049 870 1124; x_wconf 86' lang='lat' dir='ltr'>pectora</span> 
     </span>
    </p>

    <p class='ocr_par' dir='ltr' id='par_1_3' title="bbox 489 1143 948 1228">
     <span class='ocr_line' id='line_1_3' title="bbox 489 1143 948 1228; baseline 0.004 -23"><span class='ocrx_word' id='word_1_7' title='bbox 489 1143 716 1228; x_wconf 89' lang='lat' dir='ltr'>Submissoqve</span> <span class='ocrx_word' id='word_1_8' title='bbox 733 1144 838 1208; x_wconf 86' lang='lat' dir='ltr'>colant</span> <span class='ocrx_word' id='word_1_9' title='bbox 851 1167 948 1228; x_wconf 86' lang='lat' dir='ltr'>genu,</span> 
     </span>
    </p>

    <p class='ocr_par' dir='ltr' id='par_1_4' title="bbox 488 1244 970 1434">
     <span class='ocr_line' id='line_1_4' title="bbox 488 1244 970 1331; baseline 0.006 -23"><span class='ocrx_word' id='word_1_10' title='bbox 488 1244 593 1309; x_wconf 92' lang='lat' dir='ltr'>Nemo</span> <span class='ocrx_word' id='word_1_11' title='bbox 609 1258 727 1331; x_wconf 90' lang='lat' dir='ltr'>qvanto</span> <span class='ocrx_word' id='word_1_12' title='bbox 743 1269 812 1331; x_wconf 83' lang='lat' dir='ltr'>ego,</span> <span class='ocrx_word' id='word_1_13' title='bbox 829 1270 923 1310; x_wconf 87' lang='lat' dir='ltr'>nemo</span> <span class='ocrx_word' id='word_1_14' title='bbox 939 1259 970 1311; x_wconf 91' lang='lat' dir='ltr'>te</span> 
     </span>
     <span class='ocr_line' id='line_1_5' title="bbox 531 1348 877 1434; baseline 0.003 -22"><span class='ocrx_word' id='word_1_15' title='bbox 531 1348 747 1434; x_wconf 87' lang='lat' dir='ltr'>Proseqvetur</span> <span class='ocrx_word' id='word_1_16' title='bbox 761 1372 877 1413; x_wconf 85' lang='lat' dir='ltr'>amore.</span> 
     </span>
    </p>
   </div>
   <div class='ocr_carea' id='block_1_3' title="bbox 644 1638 826 1648">
    <p class='ocr_par' dir='ltr' id='par_1_5' title="bbox 644 1638 826 1648">
     <span class='ocr_line' id='line_1_6' title="bbox 644 1638 826 1648; baseline 0.016 -3"><span class='ocrx_word' id='word_1_17' title='bbox 644 1638 826 1648; x_wconf 74' lang='lat'><em>——-.-.</em></span> 
     </span>
    </p>
   </div>
   <div class='ocr_carea' id='block_1_4' title="bbox 575 1867 876 1966">
    <p class='ocr_par' dir='ltr' id='par_1_6' title="bbox 575 1867 876 1966">
     <span class='ocr_line' id='line_1_7' title="bbox 575 1867 876 1966; baseline -0.003 -22"><span class='ocrx_word' id='word_1_18' title='bbox 575 1868 752 1966; x_wconf 74' lang='lat' dir='ltr'>Jeplulme</span> <span class='ocrx_word' id='word_1_19' title='bbox 773 1867 876 1943; x_wconf 75' lang='lat' dir='ltr'>ltlia.</span> 
     </span>
    </p>
   </div>
   <div class='ocr_carea' id='block_1_5' title="bbox 219 2072 1153 4212">
    <p class='ocr_par' dir='ltr' id='par_1_7' title="bbox 226 2072 1148 2262">
     <span class='ocr_line' id='line_1_8' title="bbox 226 2072 1148 2159; baseline -0.002 -19"><span class='ocrx_word' id='word_1_20' title='bbox 226 2073 333 2140; x_wconf 83' lang='lat' dir='ltr'>Qvom</span> <span class='ocrx_word' id='word_1_21' title='bbox 346 2073 461 2159; x_wconf 85' lang='lat' dir='ltr'>patria,</span> <span class='ocrx_word' id='word_1_22' title='bbox 479 2072 508 2136; x_wconf 95' lang='lat' dir='ltr'>O</span> <span class='ocrx_word' id='word_1_23' title='bbox 522 2073 660 2158; x_wconf 87' lang='lat' dir='ltr'>genitor,</span> <span class='ocrx_word' id='word_1_24' title='bbox 678 2094 773 2157; x_wconf 90' lang='lat' dir='ltr'>qvom</span> <span class='ocrx_word' id='word_1_25' title='bbox 786 2073 930 2157; x_wconf 88' lang='lat' dir='ltr'>postulet</span> <span class='ocrx_word' id='word_1_26' title='bbox 945 2075 1012 2159; x_wconf 90' lang='lat' dir='ltr'>ipse</span> <span class='ocrx_word' id='word_1_27' title='bbox 1027 2073 1048 2137; x_wconf 87' lang='lat' dir='ltr'><strong>J</strong></span> <span class='ocrx_word' id='word_1_28' title='bbox 1049 2073 1148 2138; x_wconf 78' lang='lat' dir='ltr'>chora</span> 
     </span>
     <span class='ocr_line' id='line_1_9' title="bbox 269 2175 906 2262; baseline -0.006 -20"><span class='ocrx_word' id='word_1_29' title='bbox 269 2178 387 2262; x_wconf 86' lang='lat' dir='ltr'>Tingat</span> <span class='ocrx_word' id='word_1_30' title='bbox 402 2189 439 2241; x_wconf 93' lang='lat' dir='ltr'>ut</span> <span class='ocrx_word' id='word_1_31' title='bbox 454 2177 572 2242; x_wconf 87' lang='lat' dir='ltr'>Isacios</span> <span class='ocrx_word' id='word_1_32' title='bbox 586 2186 660 2240; x_wconf 89' lang='lat' dir='ltr'>nata</span> <span class='ocrx_word' id='word_1_33' title='bbox 674 2198 786 2240; x_wconf 87' lang='lat' dir='ltr'>cruore</span> <span class='ocrx_word' id='word_1_34' title='bbox 801 2175 906 2254; x_wconf 89' lang='lat' dir='ltr'>focos;</span> 
     </span>
    </p>

    <p class='ocr_par' dir='ltr' id='par_1_8' title="bbox 226 2279 1047 2469">
     <span class='ocr_line' id='line_1_10' title="bbox 226 2279 1047 2364; baseline -0.004 -17"><span class='ocrx_word' id='word_1_35' title='bbox 226 2283 332 2349; x_wconf 86' lang='lat' dir='ltr'>Qvom</span> <span class='ocrx_word' id='word_1_36' title='bbox 347 2281 447 2346; x_wconf 87' lang='lat' dir='ltr'>fuerit</span> <span class='ocrx_word' id='word_1_37' title='bbox 461 2280 537 2344; x_wconf 85' lang='lat' dir='ltr'>clari</span> <span class='ocrx_word' id='word_1_38' title='bbox 552 2290 664 2344; x_wconf 90' lang='lat' dir='ltr'>votum</span> <span class='ocrx_word' id='word_1_39' title='bbox 678 2279 738 2343; x_wconf 92' lang='lat' dir='ltr'>tibi</span> <span class='ocrx_word' id='word_1_40' title='bbox 754 2302 865 2343; x_wconf 82' lang='lat' dir='ltr'><strong>caussa</strong></span> <span class='ocrx_word' id='word_1_41' title='bbox 881 2280 1047 2364; x_wconf 85' lang='lat' dir='ltr'>triumphi,</span> 
     </span>
     <span class='ocr_line' id='line_1_11' title="bbox 268 2382 1009 2469; baseline 0.003 -21"><span class='ocrx_word' id='word_1_42' title='bbox 268 2384 406 2449; x_wconf 85' lang='lat' dir='ltr'>Pcrcute</span> <span class='ocrx_word' id='word_1_43' title='bbox 420 2385 578 2448; x_wconf 88' lang='lat' dir='ltr'>nudatum</span> <span class='ocrx_word' id='word_1_44' title='bbox 592 2382 666 2462; x_wconf 89' lang='lat' dir='ltr'>iam,</span> <span class='ocrx_word' id='word_1_45' title='bbox 682 2395 784 2469; x_wconf 85' lang='lat' dir='ltr'>pater,</span> <span class='ocrx_word' id='word_1_46' title='bbox 802 2406 877 2447; x_wconf 88' lang='lat' dir='ltr'>ense</span> <span class='ocrx_word' id='word_1_47' title='bbox 892 2384 1009 2450; x_wconf 87' lang='lat' dir='ltr'>sinum.</span> 
     </span>
    </p>

    <p class='ocr_par' dir='ltr' id='par_1_9' title="bbox 225 2486 952 2674">
     <span class='ocr_line' id='line_1_12' title="bbox 225 2486 952 2570; baseline 0 -20"><span class='ocrx_word' id='word_1_48' title='bbox 225 2486 339 2550; x_wconf 87' lang='lat' dir='ltr'>Tristis</span> <span class='ocrx_word' id='word_1_49' title='bbox 353 2487 385 2550; x_wconf 89' lang='lat' dir='ltr'>io</span> <span class='ocrx_word' id='word_1_50' title='bbox 400 2497 526 2550; x_wconf 87' lang='lat' dir='ltr'>nostrae</span> <span class='ocrx_word' id='word_1_51' title='bbox 541 2508 604 2550; x_wconf 85' lang='lat' dir='ltr'>vox</span> <span class='ocrx_word' id='word_1_52' title='bbox 620 2496 669 2548; x_wconf 90' lang='lat' dir='ltr'>est</span> <span class='ocrx_word' id='word_1_53' title='bbox 681 2486 774 2550; x_wconf 91' lang='lat' dir='ltr'>finita</span> <span class='ocrx_word' id='word_1_54' title='bbox 788 2486 952 2570; x_wconf 86' lang='lat' dir='ltr'>qverelae3</span> 
     </span>
     <span class='ocr_line' id='line_1_13' title="bbox 266 2587 883 2674; baseline 0 -21"><span class='ocrx_word' id='word_1_55' title='bbox 266 2589 335 2654; x_wconf 87' lang='lat' dir='ltr'>Vos</span> <span class='ocrx_word' id='word_1_56' title='bbox 348 2588 445 2674; x_wconf 90' lang='lat' dir='ltr'>patrii</span> <span class='ocrx_word' id='word_1_57' title='bbox 461 2588 589 2651; x_wconf 90' lang='lat' dir='ltr'>taudem</span> <span class='ocrx_word' id='word_1_58' title='bbox 603 2609 681 2651; x_wconf 86' lang='lat' dir='ltr'>saxa</span> <span class='ocrx_word' id='word_1_59' title='bbox 695 2587 798 2651; x_wconf 88' lang='lat' dir='ltr'>valete</span> <span class='ocrx_word' id='word_1_60' title='bbox 813 2589 883 2653; x_wconf 89' lang='lat' dir='ltr'>soli.</span> 
     </span>
    </p>

    <p class='ocr_par' dir='ltr' id='par_1_10' title="bbox 225 2690 1047 2862">
     <span class='ocr_line' id='line_1_14' title="bbox 225 2690 1047 2773; baseline 0.001 -19"><span class='ocrx_word' id='word_1_61' title='bbox 225 2691 261 2754; x_wconf 89' lang='lat' dir='ltr'>Si</span> <span class='ocrx_word' id='word_1_62' title='bbox 274 2690 354 2755; x_wconf 87' lang='lat' dir='ltr'>mihi</span> <span class='ocrx_word' id='word_1_63' title='bbox 369 2713 441 2755; x_wconf 85' lang='lat' dir='ltr'>cara</span> <span class='ocrx_word' id='word_1_64' title='bbox 455 2690 539 2753; x_wconf 87' lang='lat' dir='ltr'>feret</span> <span class='ocrx_word' id='word_1_65' title='bbox 552 2712 739 2773; x_wconf 84' lang='lat' dir='ltr'>generosam</span> <span class='ocrx_word' id='word_1_66' title='bbox 753 2690 887 2754; x_wconf 85' lang='lat' dir='ltr'>dextera</span> <span class='ocrx_word' id='word_1_67' title='bbox 900 2701 1047 2770; x_wconf 87' lang='lat' dir='ltr'>mortem,</span> 
     </span>
     <span class='ocr_line' id='line_1_15' title="bbox 267 2792 937 2862; baseline 0 -3"><span class='ocrx_word' id='word_1_68' title='bbox 267 2794 354 2862; x_wconf 82' lang='lat' dir='ltr'>Qvid</span> <span class='ocrx_word' id='word_1_69' title='bbox 367 2793 460 2858; x_wconf 92' lang='lat' dir='ltr'>nimii</span> <span class='ocrx_word' id='word_1_70' title='bbox 474 2793 592 2856; x_wconf 87' lang='lat' dir='ltr'>vulnus</span> <span class='ocrx_word' id='word_1_71' title='bbox 606 2792 669 2857; x_wconf 78' lang='lat' dir='ltr'>tale</span> <span class='ocrx_word' id='word_1_72' title='bbox 685 2793 802 2857; x_wconf 86' lang='lat' dir='ltr'>doloris</span> <span class='ocrx_word' id='word_1_73' title='bbox 816 2794 937 2859; x_wconf 75' lang='lat' dir='ltr'>habet?</span> 
     </span>
    </p>

    <p class='ocr_par' dir='ltr' id='par_1_11' title="bbox 223 2894 1072 3087">
     <span class='ocr_line' id='line_1_16' title="bbox 223 2894 1072 2983; baseline 0 -21"><span class='ocrx_word' id='word_1_74' title='bbox 223 2897 296 2963; x_wconf 90' lang='lat' dir='ltr'>Hoc</span> <span class='ocrx_word' id='word_1_75' title='bbox 311 2896 372 2961; x_wconf 88' lang='lat' dir='ltr'>tibi</span> <span class='ocrx_word' id='word_1_76' title='bbox 385 2918 445 2980; x_wconf 90' lang='lat' dir='ltr'>pro</span> <span class='ocrx_word' id='word_1_77' title='bbox 461 2907 548 2959; x_wconf 88' lang='lat' dir='ltr'>certo</span> <span class='ocrx_word' id='word_1_78' title='bbox 562 2906 626 2959; x_wconf 91' lang='lat' dir='ltr'>stet</span> <span class='ocrx_word' id='word_1_79' title='bbox 640 2895 674 2958; x_wconf 90' lang='lat' dir='ltr'>in</span> <span class='ocrx_word' id='word_1_80' title='bbox 689 2894 753 2959; x_wconf 86' lang='lat' dir='ltr'>ima</span> <span class='ocrx_word' id='word_1_81' title='bbox 767 2907 875 2960; x_wconf 88' lang='lat' dir='ltr'>mente</span> <span class='ocrx_word' id='word_1_82' title='bbox 889 2910 1072 2983; x_wconf 87' lang='lat' dir='ltr'>repostum:</span> 
     </span>
     <span class='ocr_line' id='line_1_17' title="bbox 266 3001 1047 3087; baseline -0.003 -18"><span class='ocrx_word' id='word_1_83' title='bbox 266 3003 362 3070; x_wconf 84' lang='lat' dir='ltr'>Qvod</span> <span class='ocrx_word' id='word_1_84' title='bbox 376 3001 456 3066; x_wconf 87' lang='lat' dir='ltr'>mihi</span> <span class='ocrx_word' id='word_1_85' title='bbox 471 3011 537 3064; x_wconf 89' lang='lat' dir='ltr'>tam</span> <span class='ocrx_word' id='word_1_86' title='bbox 552 3023 653 3086; x_wconf 90' lang='lat' dir='ltr'>purus</span> <span class='ocrx_word' id='word_1_87' title='bbox 667 3023 799 3086; x_wconf 87' lang='lat' dir='ltr'>corpore</span> <span class='ocrx_word' id='word_1_88' title='bbox 814 3003 939 3087; x_wconf 76' lang='lat' dir='ltr'>sanguis</span> <span class='ocrx_word' id='word_1_89' title='bbox 954 3003 1047 3079; x_wconf 86' lang='lat' dir='ltr'>inest,</span> 
     </span>
    </p>

    <p class='ocr_par' dir='ltr' id='par_1_12' title="bbox 221 3102 1034 3293">
     <span class='ocr_line' id='line_1_18' title="bbox 221 3102 1028 3188; baseline -0.002 -16"><span class='ocrx_word' id='word_1_90' title='bbox 221 3105 327 3173; x_wconf 83' lang='lat' dir='ltr'>Qvam</span> <span class='ocrx_word' id='word_1_91' title='bbox 341 3126 441 3182; x_wconf 88' lang='lat' dir='ltr'>mens,</span> <span class='ocrx_word' id='word_1_92' title='bbox 456 3103 491 3166; x_wconf 93' lang='lat' dir='ltr'>in</span> <span class='ocrx_word' id='word_1_93' title='bbox 505 3102 572 3167; x_wconf 87' lang='lat' dir='ltr'>leto</span> <span class='ocrx_word' id='word_1_94' title='bbox 587 3126 667 3188; x_wconf 86' lang='lat' dir='ltr'>qvae</span> <span class='ocrx_word' id='word_1_95' title='bbox 683 3126 734 3167; x_wconf 88' lang='lat' dir='ltr'>me</span> <span class='ocrx_word' id='word_1_96' title='bbox 749 3103 882 3184; x_wconf 88' lang='lat' dir='ltr'>solatur,</span> <span class='ocrx_word' id='word_1_97' title='bbox 901 3116 935 3169; x_wconf 90' lang='lat' dir='ltr'>et</span> <span class='ocrx_word' id='word_1_98' title='bbox 948 3105 1028 3170; x_wconf 86' lang='lat' dir='ltr'>istae</span> 
     </span>
     <span class='ocr_line' id='line_1_19' title="bbox 265 3207 1034 3293; baseline -0.003 -17"><span class='ocrx_word' id='word_1_99' title='bbox 265 3208 353 3276; x_wconf 84' lang='lat' dir='ltr'>Qvas</span> <span class='ocrx_word' id='word_1_100' title='bbox 366 3207 479 3292; x_wconf 88' lang='lat' dir='ltr'>loqvor</span> <span class='ocrx_word' id='word_1_101' title='bbox 494 3217 654 3270; x_wconf 83' lang='lat' dir='ltr'>extremas</span> <span class='ocrx_word' id='word_1_102' title='bbox 668 3207 732 3270; x_wconf 86' lang='lat' dir='ltr'>iam</span> <span class='ocrx_word' id='word_1_103' title='bbox 745 3207 901 3272; x_wconf 86' lang='lat' dir='ltr'>moritura</span> <span class='ocrx_word' id='word_1_104' title='bbox 914 3231 1034 3293; x_wconf 89' lang='lat' dir='ltr'>preces.</span> 
     </span>
    </p>

    <p class='ocr_par' dir='ltr' id='par_1_13' title="bbox 220 3309 997 3499">
     <span class='ocr_line' id='line_1_20' title="bbox 220 3309 997 3397; baseline 0 -21"><span class='ocrx_word' id='word_1_105' title='bbox 220 3312 309 3397; x_wconf 85' lang='lat' dir='ltr'>Ergo</span> <span class='ocrx_word' id='word_1_106' title='bbox 323 3311 377 3376; x_wconf 86' lang='lat' dir='ltr'>alii</span> <span class='ocrx_word' id='word_1_107' title='bbox 390 3333 451 3395; x_wconf 90' lang='lat' dir='ltr'>pro</span> <span class='ocrx_word' id='word_1_108' title='bbox 465 3332 517 3373; x_wconf 89' lang='lat' dir='ltr'>me</span> <span class='ocrx_word' id='word_1_109' title='bbox 530 3309 682 3394; x_wconf 84' lang='lat' dir='ltr'>lugubria</span> <span class='ocrx_word' id='word_1_110' title='bbox 696 3310 835 3374; x_wconf 84' lang='lat' dir='ltr'>carmina</span> <span class='ocrx_word' id='word_1_111' title='bbox 848 3311 997 3392; x_wconf 89' lang='lat' dir='ltr'>fundant,</span> 
     </span>
     <span class='ocr_line' id='line_1_21' title="bbox 264 3413 951 3499; baseline 0.001 -19"><span class='ocrx_word' id='word_1_112' title='bbox 264 3415 412 3480; x_wconf 88' lang='lat' dir='ltr'>Carmina</span> <span class='ocrx_word' id='word_1_113' title='bbox 425 3414 575 3499; x_wconf 84' lang='lat' dir='ltr'>virgineis</span> <span class='ocrx_word' id='word_1_114' title='bbox 588 3413 815 3498; x_wconf 77' lang='lat' dir='ltr'>ingeminando</span> <span class='ocrx_word' id='word_1_115' title='bbox 829 3414 951 3481; x_wconf 89' lang='lat' dir='ltr'>choris:</span> 
     </span>
    </p>

    <p class='ocr_par' dir='ltr' id='par_1_14' title="bbox 221 3515 1016 3705">
     <span class='ocr_line' id='line_1_22' title="bbox 221 3515 1016 3603; baseline -0.001 -21"><span class='ocrx_word' id='word_1_116' title='bbox 221 3518 284 3596; x_wconf 87' lang='lat' dir='ltr'>Tu,</span> <span class='ocrx_word' id='word_1_117' title='bbox 299 3529 401 3603; x_wconf 87' lang='lat' dir='ltr'>pater,</span> <span class='ocrx_word' id='word_1_118' title='bbox 416 3517 569 3580; x_wconf 88' lang='lat' dir='ltr'>immotus</span> <span class='ocrx_word' id='word_1_119' title='bbox 583 3515 685 3579; x_wconf 84' lang='lat' dir='ltr'>iudex</span> <span class='ocrx_word' id='word_1_120' title='bbox 699 3515 855 3601; x_wconf 87' lang='lat' dir='ltr'>herosqve</span> <span class='ocrx_word' id='word_1_121' title='bbox 870 3529 1016 3596; x_wconf 81' lang='lat' dir='ltr'>manet03</span> 
     </span>
     <span class='ocr_line' id='line_1_23' title="bbox 263 3618 984 3705; baseline -0.001 -20"><span class='ocrx_word' id='word_1_122' title='bbox 263 3620 341 3685; x_wconf 90' lang='lat' dir='ltr'>Non</span> <span class='ocrx_word' id='word_1_123' title='bbox 356 3643 416 3705; x_wconf 86' lang='lat' dir='ltr'>ego</span> <span class='ocrx_word' id='word_1_124' title='bbox 429 3641 500 3683; x_wconf 90' lang='lat' dir='ltr'>sum</span> <span class='ocrx_word' id='word_1_125' title='bbox 513 3618 663 3683; x_wconf 85' lang='lat' dir='ltr'>lacrumis</span> <span class='ocrx_word' id='word_1_126' title='bbox 678 3618 896 3684; x_wconf 85' lang='lat' dir='ltr'>dedecoranda</span> <span class='ocrx_word' id='word_1_127' title='bbox 909 3620 984 3699; x_wconf 87' lang='lat' dir='ltr'>tuis,</span> 
     </span>
    </p>

    <p class='ocr_par' dir='ltr' id='par_1_15' title="bbox 220 3720 1007 3909">
     <span class='ocr_line' id='line_1_24' title="bbox 220 3720 975 3808; baseline -0.003 -20"><span class='ocrx_word' id='word_1_128' title='bbox 220 3723 284 3788; x_wconf 89' lang='lat' dir='ltr'>Per</span> <span class='ocrx_word' id='word_1_129' title='bbox 299 3745 392 3808; x_wconf 87' lang='lat' dir='ltr'>qvam</span> <span class='ocrx_word' id='word_1_130' title='bbox 407 3721 491 3786; x_wconf 85' lang='lat' dir='ltr'>clara</span> <span class='ocrx_word' id='word_1_131' title='bbox 505 3732 577 3785; x_wconf 89' lang='lat' dir='ltr'>tuas</span> <span class='ocrx_word' id='word_1_132' title='bbox 591 3732 684 3785; x_wconf 85' lang='lat' dir='ltr'>ornat</span> <span class='ocrx_word' id='word_1_133' title='bbox 697 3720 830 3785; x_wconf 86' lang='lat' dir='ltr'>victoria</span> <span class='ocrx_word' id='word_1_134' title='bbox 845 3733 975 3801; x_wconf 86' lang='lat' dir='ltr'>turmas,</span> 
     </span>
     <span class='ocr_line' id='line_1_25' title="bbox 262 3823 1007 3909; baseline -0.001 -18"><span class='ocrx_word' id='word_1_135' title='bbox 262 3824 395 3909; x_wconf 85' lang='lat' dir='ltr'>Frangit</span> <span class='ocrx_word' id='word_1_136' title='bbox 409 3834 442 3888; x_wconf 90' lang='lat' dir='ltr'>et</span> <span class='ocrx_word' id='word_1_137' title='bbox 454 3823 623 3908; x_wconf 80' lang='lat' dir='ltr'>indignum</span> <span class='ocrx_word' id='word_1_138' title='bbox 639 3834 723 3888; x_wconf 87' lang='lat' dir='ltr'>terra</span> <span class='ocrx_word' id='word_1_139' title='bbox 736 3834 870 3909; x_wconf 88' lang='lat' dir='ltr'>paterna</span> <span class='ocrx_word' id='word_1_140' title='bbox 883 3824 1007 3909; x_wconf 82' lang='lat' dir='ltr'>iugum.</span> 
     </span>
    </p>

    <p class='ocr_par' dir='ltr' id='par_1_16' title="bbox 219 3925 1153 4114">
     <span class='ocr_line' id='line_1_26' title="bbox 219 3925 1153 4012; baseline -0.002 -17"><span class='ocrx_word' id='word_1_141' title='bbox 219 3929 327 3997; x_wconf 83' lang='lat' dir='ltr'>Qvom</span> <span class='ocrx_word' id='word_1_142' title='bbox 340 3926 440 3991; x_wconf 85' lang='lat' dir='ltr'>vitam</span> <span class='ocrx_word' id='word_1_143' title='bbox 454 3925 634 4004; x_wconf 87' lang='lat' dir='ltr'>abstuleris,</span> <span class='ocrx_word' id='word_1_144' title='bbox 650 3949 744 4011; x_wconf 90' lang='lat' dir='ltr'>qvam</span> <span class='ocrx_word' id='word_1_145' title='bbox 759 3938 807 4004; x_wconf 91' lang='lat' dir='ltr'>tu,</span> <span class='ocrx_word' id='word_1_146' title='bbox 823 3938 925 4011; x_wconf 89' lang='lat' dir='ltr'>pater,</span> <span class='ocrx_word' id='word_1_147' title='bbox 942 3928 1011 4012; x_wconf 85' lang='lat' dir='ltr'>ipse</span> <span class='ocrx_word' id='word_1_148' title='bbox 1027 3928 1153 4008; x_wconf 87' lang='lat' dir='ltr'>dedisti,</span> 
     </span>
     <span class='ocr_line' id='line_1_27' title="bbox 261 4028 977 4114; baseline -0.003 -19"><span class='ocrx_word' id='word_1_149' title='bbox 261 4031 308 4095; x_wconf 80' lang='lat' dir='ltr'>Et</span> <span class='ocrx_word' id='word_1_150' title='bbox 321 4052 393 4094; x_wconf 89' lang='lat' dir='ltr'>mea</span> <span class='ocrx_word' id='word_1_151' title='bbox 406 4030 467 4093; x_wconf 94' lang='lat' dir='ltr'>sub</span> <span class='ocrx_word' id='word_1_152' title='bbox 481 4028 588 4113; x_wconf 86' lang='lat' dir='ltr'>gelida</span> <span class='ocrx_word' id='word_1_153' title='bbox 601 4028 709 4114; x_wconf 86' lang='lat' dir='ltr'>lingva</span> <span class='ocrx_word' id='word_1_154' title='bbox 724 4030 845 4093; x_wconf 87' lang='lat' dir='ltr'>tacebit</span> <span class='ocrx_word' id='word_1_155' title='bbox 859 4029 977 4109; x_wconf 83' lang='lat' dir='ltr'>hum03</span> 
     </span>
    </p>

    <p class='ocr_par' dir='ltr' id='par_1_17' title="bbox 219 4132 1122 4212">
     <span class='ocr_line' id='line_1_28' title="bbox 219 4132 1122 4212; baseline -0.001 -14"><span class='ocrx_word' id='word_1_156' title='bbox 219 4133 323 4211; x_wconf 87' lang='lat' dir='ltr'>Tunc,</span> <span class='ocrx_word' id='word_1_157' title='bbox 339 4133 429 4210; x_wconf 90' lang='lat' dir='ltr'>cedo,</span> <span class='ocrx_word' id='word_1_158' title='bbox 445 4155 519 4197; x_wconf 90' lang='lat' dir='ltr'>cum</span> <span class='ocrx_word' id='word_1_159' title='bbox 533 4134 620 4197; x_wconf 86' lang='lat' dir='ltr'>fastu</span> <span class='ocrx_word' id='word_1_160' title='bbox 634 4144 778 4197; x_wconf 86' lang='lat' dir='ltr'>nostrum</span> <span class='ocrx_word' id='word_1_161' title='bbox 791 4132 994 4198; x_wconf 88' lang='lat' dir='ltr'>reminiscere</span> <span class='ocrx_word' id='word_1_162' title='bbox 1008 4132 1122 4212; x_wconf 90' lang='lat' dir='ltr'>fatum,</span> 
     </span>
    </p>
   </div>
   <div class='ocr_carea' id='block_1_6' title="bbox 261 4234 1161 4398">
    <p class='ocr_par' dir='ltr' id='par_1_18' title="bbox 261 4234 1161 4398">
     <span class='ocr_line' id='line_1_29' title="bbox 261 4234 865 4301; baseline 0.003 -2"><span class='ocrx_word' id='word_1_163' title='bbox 261 4234 407 4299; x_wconf 77' lang='lat' dir='ltr'>Diceret</span> <span class='ocrx_word' id='word_1_164' title='bbox 421 4235 557 4300; x_wconf 83' lang='lat' dir='ltr'>interitu</span> <span class='ocrx_word' id='word_1_165' title='bbox 571 4234 656 4301; x_wconf 89' lang='lat' dir='ltr'>laeta</span> <span class='ocrx_word' id='word_1_166' title='bbox 669 4235 768 4300; x_wconf 83' lang='lat' dir='ltr'>fuisse</span> <span class='ocrx_word' id='word_1_167' title='bbox 783 4258 865 4301; x_wconf 89' lang='lat' dir='ltr'>meo.</span> 
     </span>
     <span class='ocr_line' id='line_1_30' title="bbox 1031 4339 1161 4398; baseline 0 0"><span class='ocrx_word' id='word_1_168' title='bbox 1031 4341 1067 4398; x_wconf 90' lang='lat' dir='ltr'>G.</span> <span class='ocrx_word' id='word_1_169' title='bbox 1080 4340 1108 4398; x_wconf 84' lang='lat' dir='ltr'>J.</span> <span class='ocrx_word' id='word_1_170' title='bbox 1124 4339 1161 4398; x_wconf 90' lang='lat' dir='ltr'>K.</span> 
     </span>
    </p>
   </div>
   <div class='ocr_carea' id='block_1_7' title="bbox 710 4455 733 4498">
    <p class='ocr_par' dir='ltr' id='par_1_19' title="bbox 710 4455 733 4498">
     <span class='ocr_line' id='line_1_31' title="bbox 710 4455 733 4498; baseline 0 0"><span class='ocrx_word' id='word_1_171' title='bbox 710 4455 733 4498; x_wconf 89' lang='lat' dir='ltr'>H</span> 
     </span>
    </p>
   </div>
   <div class='ocr_carea' id='block_1_8' title="bbox 0 0 1422 5340">
    <p class='ocr_par' dir='ltr' id='par_1_20' title="bbox 0 0 1422 5340">
     <span class='ocr_line' id='line_1_32' title="bbox 0 0 1422 5340; baseline 0 4"><span class='ocrx_word' id='word_1_172' title='bbox 0 0 1422 5340; x_wconf 95' lang='lat' dir='ltr'> </span> 
     </span>
    </p>
   </div>
  </div>
 </body>
</html>
