2842 5078
549 364 732 416 SABRINAE
750 363 925 414 conotus.

477 616 565 690 Foir
583 614 731 688 lldete’s
744 637 875 712 grunay
896 610 931 683 Τ
925 611 1013 684 amb.

280 787 424 853 Candida
438 807 500 869 qva
512 783 605 846 viridi
620 781 738 845 dormit
752 781 812 844 sub
828 781 965 865 caespite
981 779 1085 864 virgo,

325 890 427 973 Saepe
441 897 531 972 petet
544 897 661 971 pastor,
677 906 771 968 saepe
786 883 895 968 puella
909 883 1024 946 locum.

282 991 505 1073 Primitiasqve
520 989 625 1051 ferent
640 988 725 1063 anni,
742 1008 823 1049 nova
836 986 979 1069 germina
993 984 1125 1061 florum,

324 1092 452 1175 Verqve
468 1089 659 1154 renascentis
675 1087 826 1172 qvidqvid
842 1087 947 1149 odoris
960 1087 1069 1151 habet.

282 1193 357 1258 Non
374 1214 512 1275 unquam
527 1191 579 1253 hie
595 1189 721 1252 ululans
737 1188 854 1251 errabit
869 1187 970 1250 larva:
996 1188 1146 1272 quietum

326 1294 402 1357 Non
417 1306 490 1376 aget
503 1292 555 1355 hic
571 1291 703 1376 querula
717 1314 793 1354 voce
807 1290 941 1353 molesta
955 1312 1069 1353 nemus
1081 1317 1090 1367 ;

284 1397 331 1460 At
346 1407 474 1459 tenerae
489 1405 597 1479 pastor
612 1393 754 1478 captabit
768 1393 863 1455 verba
875 1392 1012 1476 puellae,

328 1498 417 1563 Qvae
433 1496 523 1558 molli
536 1496 687 1579 languens
701 1495 774 1578 igne
789 1495 926 1558 fatetur:
951 1495 1048 1558 Amo.

284 1598 406 1664 Viserit
421 1598 506 1660 haud
523 1620 661 1682 unqvam
675 1619 790 1679 rugosa
805 1597 944 1660 venefica
958 1597 1079 1675 silvam,

329 1700 399 1763 Nec
415 1699 574 1762 lemurum
591 1700 709 1762 ducent
724 1699 850 1782 agmina
863 1711 956 1761 nocte
972 1697 1103 1762 choros:

286 1803 351 1865 Sed
365 1812 513 1885 repetent
527 1802 670 1879 herbam,
687 1800 843 1863 silvestria
857 1800 998 1878 numina,
1015 1800 1192 1886 nymphae,

328 1905 373 1966 Et
389 1903 550 1967 tumulum
565 1914 714 1987 spargent
728 1925 799 1964 rore
814 1904 936 1964 nitente
952 1913 1055 1966 tuum.

286 2006 421 2091 Saepius
435 2005 498 2069 hue
513 2007 620 2069 veniet
635 2018 784 2089 vergente
799 2005 952 2068 rubecula
967 2005 1111 2084 Phoebo,

330 2109 401 2172 Nec
416 2121 530 2171 renuet
545 2132 673 2193 parvam
688 2131 784 2192 parva
799 2108 935 2171 volucris
950 2131 1059 2193 opem3

288 2212 353 2274 Sed
368 2212 451 2274 feret
465 2212 626 2275 albentem
642 2234 786 2274 muscum
803 2212 957 2295 floresqve
972 2211 1124 2289 revulsos,

332 2314 437 2376 Suave
453 2314 548 2377 decus
563 2336 678 2390 sacrae,
696 2336 756 2397 qva
771 2313 947 2390 tumularis,
963 2312 1072 2378 humo.

286 2416 410 2480 Verum
426 2416 482 2478 ubi
497 2417 655 2479 raucisoni
670 2416 780 2499 pluvio
796 2439 868 2478 eum
885 2416 1013 2478 turbine
1029 2415 1127 2479 Cauri

332 2517 517 2579 Silvestrem
534 2518 654 2599 qvatiet
669 2540 760 2578 saeva
774 2517 913 2599 procella
927 2516 1067 2593 domum,

287 2619 358 2681 Aut
374 2618 430 2679 ubi
445 2619 591 2680 venando
607 2640 703 2701 super
719 2618 826 2680 omnia
842 2617 983 2681 tollimur
997 2642 1080 2696 arva,

332 2719 379 2781 Te
395 2719 528 2781 memori
542 2719 683 2782 recolent
697 2731 827 2803 pectora
842 2731 949 2782 nostra
964 2720 1037 2784 fide.

288 2820 480 2883 Reddiderit
495 2820 594 2882 menti
610 2843 776 2883 nemorum
794 2833 825 2883 te
842 2822 972 2905 quisque
986 2845 1140 2903 recessus,

331 2922 379 2984 Te
394 2922 543 2984 lacrumis
558 2933 665 2984 noster
680 2923 740 2985 rite
755 2924 891 2985 sacrabit
905 2947 1001 2989 amor.

290 3026 424 3108 Semper
438 3025 571 3087 amanda
587 3026 661 3101 tuis
680 3026 756 3088 dum
772 3026 855 3089 vitae
871 3028 973 3110 gratia
987 3040 1095 3106 restat,

334 3127 486 3211 Dumque
502 3127 605 3189 Dolor
620 3141 765 3211 superest
780 3128 858 3212 ipse,
876 3129 1022 3208 dolenda,
1040 3131 1118 3194 vale.

764 3247 791 3302 J.
808 3248 846 3303 H.
862 3248 894 3303 L.
911 3248 940 3304 C.
957 3248 1003 3323 (ex
1018 3250 1195 3330 Commsro.)

663 3524 834 3598 rh'emeaia.

292 3677 339 3737 'l‘e
356 3677 502 3739 Nemesis
518 3700 689 3762 normaque
706 3695 816 3744 monet
830 3681 999 3766 frenisque,
1016 3684 1130 3762 viator,

270 3777 343 3877 lle
358 3779 454 3842 facias
470 3781 611 3844 enormia
626 3804 705 3847 neve
722 3785 841 3846 ellrena
856 3785 1000 3868 loquaris.

771 3905 818 3960 W.
835 3905 872 3960 Π.
890 3906 921 3961 Τ.
938 3905 984 3982 (ca
998 3907 1110 3963 rlntlrol.
1129 3907 1199 3986 Gr.)
