2834 5340
529 861 712 910 SABRINAE
732 861 906 909 COROLLA.

563 1141 709 1214 Flumen
728 1141 875 1214 Natnlc.

219 1342 347 1419 Rivule‚
365 1364 427 1426 qvo
442 1342 572 1405 memini
588 1364 726 1424 puerum
743 1364 793 1405 me
808 1363 902 1425 saepe
918 1340 1025 1416 lavari,

262 1443 377 1508 Purior
391 1443 510 1508 electro
525 1443 782 1529 splendidiorque
798 1442 892 1519 vitro,

219 1546 270 1609 Tu
285 1548 352 1610 sine
369 1547 527 1611 montanis
541 1547 738 1610 torrentibus
753 1558 786 1610 et
801 1546 868 1609 sine
884 1545 971 1609 saxis

263 1649 372 1713 Curris
386 1651 554 1713 inoffensas
569 1649 693 1712 lubrica
708 1648 838 1733 lympha
853 1648 938 1725 vias;

221 1751 268 1813 Te
282 1751 400 1836 primos
415 1750 524 1814 latices
540 1751 579 1813 de
593 1761 694 1813 matre
709 1750 827 1834 palude
843 1749 1021 1813 trahentem

263 1853 422 1916 Dulcibus
437 1852 604 1916 inlecebris
619 1851 769 1915 daedalus
784 1873 871 1914 error
885 1851 963 1935 agit,

223 1959 291 2020 Aut
307 1957 362 2020 ubi
378 1956 517 2020 betullae
534 1955 662 2019 frondet
676 1977 799 2032 nemus,
816 1967 873 2017 aut
888 1954 944 2017 ubi
959 1953 1064 2038 pinus,

264 2059 401 2144 Septave
415 2058 592 2143 pensilibus
607 2057 775 2120 luxuriosa
789 2057 878 2120 rosis.

222 2161 276 2224 Sic
291 2183 415 2245 semper
430 2160 489 2223 tibi
504 2160 646 2245 riparum
661 2182 719 2243 per
733 2182 866 2223 amoena
880 2160 980 2223 vireta

265 2264 346 2326 Mile
361 2264 458 2326 boves
472 2263 600 2347 passim,
616 2261 693 2325 mile
708 2274 862 2345 vagentur
877 2284 968 2326 oves:

223 2366 266 2429 Et
281 2366 340 2429 tibi
356 2388 419 2429 non
435 2365 539 2428 desint
552 2364 713 2450 nymphae
729 2365 770 2428 ad
785 2365 952 2428 mulctrale
968 2378 1127 2442 canentes,

265 2469 425 2552 Laetaqve
440 2479 603 2552 pastorum
618 2467 709 2531 vallis
723 2469 951 2532 arundinibus:

225 2572 268 2635 Et
283 2583 314 2634 te
329 2572 432 2655 prisca
446 2571 525 2634 fides
540 2582 573 2633 et
586 2570 692 2633 nescia
706 2569 816 2634 fallere
832 2571 933 2634 virtus

265 2675 310 2737 Et
324 2674 415 2738 labor
429 2674 561 2738 adsiduo
576 2673 643 2736 sole
658 2685 808 2757 perustus
822 2685 917 2752 amet,

223 2777 387 2861 Cordaqve
403 2777 567 2840 coniurata
580 2777 684 2839 virum
700 2776 896 2861 dextraeque
910 2789 1041 2862 paratae

266 2879 445 2956 Custodire‚
462 2879 578 2963 qvibus
592 2879 662 2942 iure
679 2879 842 2955 fruuntur,
861 2902 947 2963 opes.

1040 2982 1073 3037 Τ.
1090 2982 1118 3038 S.
1134 2981 1166 3036 E.

568 3143 877 3151 -——-——-—·

660 3302 795 3401 Vesper.

268 3491 349 3553 Cara
363 3488 442 3553 mihi
458 3487 596 3551 redeunt
610 3487 785 3550 moriturae
800 3498 945 3573 tempora
957 3487 1047 3567 lucis,

310 3592 415 3657 Qvom
429 3590 510 3654 radii
524 3590 559 3654 in
574 3591 685 3654 tacitas
699 3590 920 3654 dissoluuntur
935 3614 1048 3676 aqvas3

270 3693 400 3756 Somnia
415 3704 485 3756 tum
499 3692 605 3776 lapsos
620 3691 759 3755 reddunt
775 3691 854 3755 mihi
870 3692 976 3756 dulcia
989 3694 1081 3772 soles,

312 3795 421 3880 Teqve
437 3817 559 3859 memor
573 3795 691 3880 cupido
706 3803 847 3879 pectore,
863 3796 939 3874 vita,
956 3819 1079 3881 seqvor.

270 4000 426 4084 Qvodqve
442 3999 550 4063 tremit
565 3999 661 4083 longo
676 4000 753 4063 dum
768 4000 934 4085 conspicor
948 4001 1059 4065 ordine
1073 4002 1193 4081 lumen,

312 4102 406 4166 Levis
422 4103 478 4166 ubi
494 4101 662 4187 Hesperiis
676 4102 806 4186 ignibus
821 4104 908 4167 unda
922 4105 1028 4181 rubet,

270 4205 366 4270 Mens
379 4215 452 4269 avet
466 4217 579 4269 aurato
593 4204 726 4289 vestigia
739 4228 859 4291 ponere
875 4217 989 4284 tractu,

314 4308 476 4392 Transqve
491 4308 557 4372 vias
572 4308 647 4372 solis
661 4320 751 4393 rapta
768 4308 873 4392 qviete
888 4308 963 4373 frui.

1136 4413 1170 4469 K.
