2834 5340
481 849 663 900 SABRINAE
682 848 858 898 COROLLA.
1126 851 1172 898 19³

440 1139 502 1214 Ad
519 1140 682 1214 Puellam
702 1139 896 1239 Perfidam.

210 1324 298 1389 Olim
313 1349 372 1409 ego
387 1327 471 1390 fidus
485 1349 603 1404 amans,
618 1348 704 1391 nunc
719 1338 752 1390 te
768 1326 923 1410 dedignor
937 1346 1061 1401 amam

254 1429 367 1514 Tuqve
384 1430 466 1508 dola,
484 1452 556 1492 nam
572 1440 609 1492 tu
624 1451 733 1493 caussa
748 1429 866 1493 doloris
881 1451 959 1494 eras.

209 1529 286 1594 Non
301 1556 382 1610 mea,
399 1555 459 1596 ceu
473 1555 586 1618 nuper,
604 1534 660 1596 sed
668 1533 737 1617 jam
751 1556 834 1596 nova
848 1530 989 1617 nympha
1006 1530 1139 1597 videris:

254 1635 330 1713 Cur,
348 1646 380 1698 te
395 1646 528 1713 mutata,
543 1657 608 1699 non
623 1658 747 1720 qvoqve
762 1646 869 1699 muter
883 1637 966 1719 ego?

209 1737 273 1803 Qvi
289 1739 384 1800 toties
399 1749 524 1823 spretus
539 1738 667 1802 flamma
681 1749 830 1823 captatur
845 1738 966 1816 eadem,

253 1839 318 1903 Hic
333 1840 415 1903 bene
431 1840 514 1903 fidus
529 1863 637 1903 amans
651 1840 706 1903 sed
722 1840 915 1903 malesanus
930 1839 1001 1904 erit.

208 1941 276 2006 Det
290 1943 380 2021 mihi,
398 1965 459 2028 qvo
475 1942 594 2006 solvam
608 1965 680 2006 mea
695 1941 813 2021 debita,
830 1964 950 2005 numen
965 1962 1123 2019 amorem

250 2045 374 2108 Effluat
388 2045 525 2109 incautis
536 2043 754 2109 inmoderatus
767 2066 866 2109 amor.

207 2147 309 2212 Nulla
322 2171 423 2212 meam
439 2159 568 2233 poterat
582 2148 666 2211 saevi
681 2146 806 2210 fallacia
820 2147 892 2226 fati,

250 2250 340 2314 Dum
355 2274 426 2314 mea
439 2261 583 2327 restares,
600 2249 787 2313 inminuisse
801 2249 917 2314 fidem:

207 2352 282 2416 Sive
298 2353 347 2416 tui
357 2353 451 2437 juris,
468 2351 613 2436 nulliqva
628 2351 766 2429 addicta,
783 2373 939 2429 maneres,

250 2455 348 2520 Nunc
363 2478 497 2541 qvoqve,
513 2477 599 2518 nunc
613 2477 740 2540 possem
753 2454 887 2519 forsitan
902 2478 969 2518 esse
984 2464 1070 2523 tuus.

207 2558 314 2625 Qvom
329 2571 436 2622 tamen
451 2559 577 2622 adserta
590 2568 628 2623 tu
642 2558 790 2622 libertate
804 2582 932 2644 parares

250 2660 409 2724 Protenus
423 2660 555 2724 alterius
569 2662 706 2724 subdere
721 2660 804 2726 colla
817 2662 906 2745 iug0,

207 2762 281 2827 Hoc
296 2761 375 2825 mihi
390 2763 554 2826 servitium
569 2762 699 2827 fastidia
712 2786 820 2827 nonne
834 2773 987 2842 moveret,

250 2864 298 2929 Ut
311 2874 437 2950 paterer
452 2875 563 2949 captae
577 2865 705 2930 vincula
719 2877 832 2952 captus
846 2865 966 2932 herae?

1022 2971 1054 3028 F.
1068 2971 1106 3028 K.

435 3708 668 3808 Epitaphium
685 3705 890 3808 Jurgiosae.

246 3891 319 3955 Diis
333 3891 416 3955 iacet
429 3891 482 3957 hic
497 3893 610 3956 faustis
623 3892 823 3972 muliercula,
841 3893 894 3958 cui
908 3917 966 3958 sua
979 3895 1046 3960 vita

291 3995 349 4059 Nil
363 3995 424 4058 nisi
440 4005 613 4081 tempestas
627 4018 692 4061 una
705 3996 857 4082 furorqve
871 3997 946 4062 fuit.

247 4095 335 4160 Huic
350 4120 447 4182 super
460 4121 530 4162 ossa
542 4098 621 4163 levis
636 4099 771 4184 vestigia
784 4122 879 4185 pone,
896 4101 1009 4179 viator,

288 4197 341 4261 Ne
355 4198 466 4263 redeat
479 4199 582 4265 fracto
597 4200 703 4266 clausa
716 4201 858 4287 procella
872 4201 950 4267 solo.

1064 4306 1102 4363 K.

633 4433 688 4479 00
