2834 5340
495 849 679 898 SABRINAE
698 848 872 898 COROLLA.

437 1079 499 1152 Ειι
519 1076 724 1151 Proverbiis
742 1077 815 1150 xix.
838 1084 935 1151 l-lQ.

266 1228 410 1317 Ἔχουσι
425 1231 554 1305 πλεῖον,
571 1225 665 1295 ὅστις
682 1226 726 1291 ὢν
741 1225 840 1306 πένης
855 1224 937 1311 ἀνὴρ

270 1336 376 1420 χωρεῖ
390 1329 430 1395 δι’
447 1329 649 1409 ἁπλότητος,
667 1328 685 1409 ἢ
702 1326 905 1415 διάστροφον

269 1438 430 1518 ηλῶσσαν
446 1431 550 1515 νέμων
564 1457 614 1501 τις
628 1433 736 1517 μῶρος
753 1431 789 1495 ἐκ
802 1432 915 1517 μώρου
931 1431 1058 1518 φρενός.

269 1537 336 1606 οὐδ’
350 1536 523 1621 ἀξυνήμων
537 1535 623 1602 οὖσα
638 1533 725 1622 φρὴν
740 1538 852 1605 καλῶς
869 1535 950 1623 ἔχει·

271 1642 454 1729 ἁμαρτάνει
470 1638 498 1704 δ’
515 1639 532 1704 ὁ
548 1637 717 1722 τιθέμενος
733 1636 882 1720 σπουδὴν
897 1637 1008 1710 ποδός.

272 1745 328 1812 καὶ
342 1742 407 1829 μὴν
422 1742 460 1809 τὸ
474 1738 585 1830 μῶρόν
599 1741 630 1825 η’
647 1741 749 1829 ἄνδρα
765 1747 822 1824 τῆς
838 1740 916 1808 ὁδοῦ
930 1744 1054 1830 πλανᾷ,

271 1849 354 1937 πρὸς
370 1846 489 1933 κέντρα
504 1846 704 1926 λακτίζοντα
720 1845 775 1912 διὰ
791 1849 919 1932 φρενῶν
935 1846 1022 1933 Θεῷ.

270 1949 420 2022 πολλούς
434 1948 464 2034 η’
481 1949 498 2015 ό
514 1955 660 2021 πλοῦτος
675 1950 751 2020 τοὺς
767 1949 886 2035 φιλους
902 1949 1092 2036 ἐφέλκεται,

270 2055 355 2122 οἰκεῖ
368 2054 403 2120 δὲ
419 2053 522 2144 χωρὶς
538 2057 603 2120 τῶν
616 2053 723 2123 πέλας
737 2053 837 2134 πένης
851 2053 943 2141 ἀνήρ.

268 2160 289 2241 ἦ
305 2157 540 2247 φευδόμαρτυς
555 2158 615 2224 οὐκ
629 2156 941 2245 ἀπαλλαχθήσεται

270 2264 386 2352 ἀθῷος,
402 2263 477 2330 οὐδὲ
491 2263 538 2345 μὴ
552 2262 671 2349 ’κφάηη
685 2261 930 2350 φευδόστομος.

270 2368 400 2434 πολλοί
413 2366 452 2450 ηέ
468 2393 519 2432 τοι
536 2368 691 2434 σαίνουσι
707 2367 764 2432 τόν
779 2363 949 2452 κρατοῦντ’
966 2363 1029 2443 ἀεί,

272 2471 328 2536 καὶ
343 2473 390 2557 τῷ
405 2469 528 2535 διδόντι
544 2468 634 2557 δῶρα
649 2473 716 2538 πᾶς
731 2495 782 2538 τις
799 2469 835 2534 εὖ
850 2471 973 2554 φρονεῖ.

269 2572 445 2655 ’γεγηθέναι
460 2572 518 2639 τὸν
531 2576 642 2659 μῶρον
658 2573 719 2637 οὐκ
734 2572 767 2637 ἐν
783 2572 950 2656 εὐπρεπεῖ·

270 2675 359 2755 ἦπου
373 2675 411 2741 τό
427 2674 546 2742 δοῦλον
562 2679 658 2761 φῶτα
674 2675 834 2761 κοιράνων
849 2677 990 2761 κρατεῖν.

272 2776 310 2844 τὸ
327 2781 462 2865 σῶφρον
475 2777 574 2865 ὀργῆς
590 2777 747 2860 ἀμβολὰς
765 2776 885 2842 θέσθαι
901 2780 1005 2862 φιλεῖ,

273 2881 368 2952 ὅστις
383 2879 557 2951 πεπονθὼς
572 2879 678 2946 τᾶδικ’
697 2878 754 2946 εἶτ’
770 2880 960 2962 ἀγάλλεται

272 2984 402 3071 παρείς.
448 2979 552 3071 χόλος
567 3009 619 3048 τοι
633 2981 808 3062 βασιλέως
824 2980 959 3067 φλέηων
974 2981 1096 3066 πρέπει
1183 3047 1185 3051 ,

272 3086 481 3176 βρυχωμένῳ
495 3086 617 3166 λέοντι,
636 3084 803 3173 φρικώδης
818 3087 942 3151 κλύειν·

273 3189 372 3277 χάρις
387 3188 414 3254 δ’
430 3188 536 3256 ἔοικεν
551 3186 694 3276 εὖδρόσῳ
711 3187 818 3278 χλόης
832 3190 934 3273 γάνει.

1003 3293 1034 3350 Τ.
1053 3293 1081 3352 S.
1096 3293 1129 3348 E.

362 3541 507 3616 Caelum
526 3541 650 3615 stellis
667 3542 868 3616 ardentibus
886 3554 1017 3639 aptum.

230 3701 371 3787 Adspice
385 3702 524 3765 sidereos
539 3701 632 3764 orbes
647 3712 680 3764 et
694 3700 815 3765 lumina
830 3700 920 3779 caeli,

274 3801 347 3868 Qvo
363 3803 491 3867 tacitam
506 3814 633 3866 servent
650 3803 760 3867 ordine
776 3805 844 3868 fixa
857 3804 952 3882 viam,

229 3905 317 3968 Dum
333 3904 467 3968 mortale
481 3929 584 3990 genus
600 3905 806 3991 mortaliaqve
822 3907 938 3984 omnia,
955 3906 1038 3970 vitae

273 4007 365 4091 Spes,
382 4007 487 4085 timor,
504 4008 561 4085 ira,
578 4009 679 4088 dolor,
694 4009 821 4094 gaudia,
839 4021 934 4073 nocte
948 4007 1062 4073 latent.

230 4107 259 4171 O
274 4109 369 4173 nitidi
384 4109 499 4174 domus
512 4114 576 4173 alta
589 4110 656 4195 poli
671 4111 824 4196 sedesqve
839 4112 964 4190 beatae,

272 4211 318 4274 Et
332 4234 387 4276 vos
402 4212 522 4276 aeterni
536 4213 625 4296 regia
640 4224 724 4277 tecta
739 4213 822 4277 Dei:

231 4312 291 4377 Ille
305 4314 414 4397 igitur,
432 4326 553 4378 vestrae
568 4315 695 4400 peperit
710 4339 802 4400 qvem
817 4316 947 4401 spiritus
961 4338 1068 4393 aurae,

274 4415 479 4499 Compositus
494 4439 605 4480 somno
620 4417 718 4482 sicine
734 4427 840 4504 torpet
856 4418 975 4482 homo?
