2834 5340
474 795 658 847 SABRINAE
676 796 853 847 COROLLA.

529 1199 574 1273 Io
593 1199 797 1300 Aeschyka.

291 1380 369 1446 Heu
383 1380 448 1446 heu
461 1380 590 1467 potenti
604 1380 745 1445 numinis
759 1380 874 1467 inpetu

291 1485 387 1549 Mens
400 1485 496 1570 plena
510 1506 620 1548 rursus
634 1484 789 1549 fluctuat:
813 1483 942 1548 intumo

357 1587 427 1650 Sub
443 1586 538 1650 corde
554 1585 768 1650 debacchatur
781 1585 864 1669 ignis

418 1688 465 1751 Et
479 1688 598 1753 resides
612 1688 732 1752 animat
747 1687 883 1752 dolores.

290 1906 365 1985 Sed,
383 1928 424 1970 ne
439 1906 580 1971 subactis
595 1907 752 1972 sensubus
767 1907 914 1992 imperet,

288 2008 437 2074 Formam
453 2009 596 2088 bubulci,
615 2010 851 2096 Temperans,
868 2033 991 2097 precor,

354 2112 476 2176 Averte
491 2112 634 2176 centenis
649 2112 824 2177 timendam

417 2213 613 2278 Luminibus
628 2215 788 2299 tacitaqve
802 2214 936 2280 fraude:

292 2435 423 2513 Averte,
441 2435 495 2520 qvi
509 2458 562 2499 me
576 2437 691 2501 missus
706 2437 747 2501 ab
762 2437 873 2501 inferis

289 2537 397 2622 Argus
411 2561 469 2623 per
484 2561 552 2601 oras
567 2538 744 2624 inseqvitur
758 2541 872 2617 maris3

355 2640 486 2717 Averte,
504 2663 597 2724 qvem
612 2642 755 2704 vinctum
771 2642 831 2705 sub
846 2643 911 2704 imo

420 2743 519 2807 Terra
533 2744 605 2806 sinu
620 2744 769 2808 cohibere
783 2747 895 2809 nescit.

291 2964 361 3029 Iam
375 2964 440 3029 iam
453 2986 512 3048 per
526 2986 618 3028 aures
633 2965 842 3029 somniferum
857 2965 957 3029 melos

290 3066 402 3130 Lassae
414 3087 530 3129 avenae
546 3065 665 3131 sibilat.
711 3065 790 3129 Heu
806 3066 913 3145 Pater,

354 3168 441 3235 Qvid
456 3190 581 3253 semper
595 3167 705 3231 insano
721 3169 891 3232 subactum

418 3269 579 3333 Debilitas
594 3270 734 3333 animum
752 3269 922 3334 tumultu?

289 3492 380 3560 Qvae
395 3514 446 3555 me
461 3501 631 3577 paventem
645 3514 713 3555 sors
726 3490 821 3554 nimis
835 3514 948 3576 aspera

288 3593 501 3678 Inhospitales
516 3592 642 3677 adpulit
656 3594 696 3656 ad
711 3592 848 3679 plagas?

351 3696 407 3760 An
421 3694 493 3759 talis
507 3705 673 3759 aeternum
689 3694 838 3779 flagrabit

417 3800 583 3864 Adsiduae
598 3799 678 3864 mihi
693 3823 802 3864 caussa
816 3802 947 3865 noxae?

289 4018 442 4084 Caelestis
456 4019 544 4083 ultor
557 4020 690 4104 respice,
708 4020 867 4106 Iuppiter,

289 4122 506 4187 Insanientem
519 4123 641 4208 respice
655 4124 829 4208 virginem:

352 4225 452 4288 Esto:
475 4246 578 4308 neqve
593 4225 751 4310 ingratam
766 4227 882 4291 subibo

415 4325 490 4389 Sive
505 4327 585 4390 mari
599 4326 693 4390 lubet
708 4339 855 4392 aestuoso

60 4678 260 5028 'i
