2834 5340
490 821 673 873 SABRINAE
692 822 867 873 coRoLLA.
947 839 950 845 ’

512 1109 519 1124 ’
599 1092 765 1186 Pratum.
850 1143 853 1152 -

224 1275 290 1343 Ubi
305 1278 386 1344 clivo
401 1289 551 1366 superato
565 1282 705 1367 pecudes
719 1281 808 1346 sidus
823 1301 916 1344 eoum
972 1271 977 1279 ’

223 1381 328 1446 Vocat
341 1382 382 1446 ad
396 1382 534 1472 mulctra
547 1394 683 1462 coactas,
701 1394 735 1447 et
749 1384 789 1447 ab
804 1383 888 1467 agris
902 1383 998 1448 rediit
1013 1385 1070 1448 bos

232 1485 234 1489 ’
317 1501 319 1506 ’
395 1485 506 1551 Nimio
521 1487 622 1551 lassus
636 1496 760 1565 aratro;

223 1690 300 1756 Mea
313 1691 385 1772 lux,
401 1692 588 1766 conveniam
602 1702 645 1770 te,
663 1689 825 1771 Neobule‚
842 1714 932 1756 meus
947 1692 1040 1776 ignis,

222 1793 327 1881 Prope
340 1795 445 1859 rivum
460 1805 494 1859 et
507 1817 583 1859 cava
597 1794 707 1872 saltus,
724 1794 782 1857 ubi
797 1795 929 1859 odorata
943 1794 1084 1880 refulget

394 1898 517 1962 Pluviis
532 1897 644 1962 betula
657 1897 803 1983 gemmis.

224 2097 337 2184 Neqve
352 2100 447 2179 enim,
464 2101 491 2165 si
505 2124 563 2187 per
579 2123 696 2186 opacae
711 2101 980 2165 tenebrosissuma
994 2101 1091 2166 silvae

224 2201 336 2267 Media
349 2215 443 2268 nocte
457 2227 598 2288 vagarer,
615 2217 721 2268 metus
735 2217 819 2270 esset
834 2205 913 2269 mihi
928 2204 1055 2269 dulcem

394 2306 572 2393 Repetenti
587 2307 780 2371 Neobulen:

223 2509 331 2576 Etiam
346 2512 373 2577 si
386 2512 579 2598 glomeraret
592 2512 714 2577 rabiem
728 2535 808 2590 nox,
825 2511 921 2575 etiam
936 2512 963 2576 si

225 2615 313 2680 Pede
325 2615 410 2680 fesso
426 2616 611 2694 titubarem,
629 2625 736 2679 tamen
751 2615 886 2679 adsueto
900 2615 946 2678 ibi
961 2615 995 2679 in
1010 2638 1085 2699 agro

398 2719 487 2799 Mea,
502 2742 566 2799 me,
581 2717 654 2799 lux,
669 2719 835 2805 reperires.

226 2926 326 2990 Amat
340 2936 431 2991 ortus
444 2925 615 2990 redeuntes
629 2948 868 2990 nemorosorum
882 2925 1021 3011 agitator

225 3027 437 3115 Caprearum
460 3030 545 3115 petit
558 3039 649 3095 aestu
658 3030 776 3094 'medio
790 3029 910 3094 flumen
925 3042 959 3094 et
973 3030 1101 3093 umbras

397 3133 469 3198 Sibi
482 3133 621 3219 piscator
634 3133 770 3200 amicas:

225 3338 274 3402 At
287 3361 348 3424 ego
364 3339 504 3425 vesperis
517 3339 630 3403 horam
646 3339 848 3403 tenebrosam
860 3337 1039 3417 celebrabo,

225 3439 311 3504 Mihi
326 3463 406 3525 qvae
420 3439 644 3526 langvidulum
659 3463 714 3505 cor
728 3441 894 3521 recreabit,
912 3441 992 3506 mihi
1007 3464 1086 3527 qvae
1102 3451 1134 3505 te

396 3542 587 3622 Revocabit,
604 3541 765 3608 Neobule.

1043 3660 1076 3716 R.
1093 3660 1126 3717 B.

603 3816 760 3825 -———-—

432 4102 436 4110 Ι
517 4009 634 4084 Nemo
654 4009 766 4085 Domi
784 4023 846 4086 est.

225 4194 291 4263 Qvi
306 4195 472 4260 cerebrum
486 4196 605 4283 pulsas,
621 4207 817 4282 venturaqve
832 4197 965 4281 grandia
978 4197 1081 4261 credis

271 4297 423 4377 Consilia,
439 4299 480 4363 ab
495 4301 626 4364 tandem
642 4300 771 4365 desine:
794 4322 889 4364 nemo
904 4300 990 4364 domi
1006 4309 1063 4362 est.

1091 4401 1128 4458 K.
