2834 5340
678 123 857 168 &lliltlblli
880 125 1051 171 scubilii.

711 533 821 608 Astra
839 538 1011 610 cadentia.

489 697 651 763 Infaustus
667 702 790 785 qvoties
805 704 885 766 strix
901 706 1017 767 cecinit
1031 707 1152 784 modos,

486 800 589 865 Fatali
605 805 728 888 qvoties
744 805 834 869 Mors
849 809 951 870 secuit
966 831 1062 872 manu

487 905 580 970 Quae
594 907 645 969 vel
659 919 808 972 texuerat
823 909 937 973 Gloria
951 911 1088 989 vincula,

572 1010 636 1074 Vel
650 1023 785 1076 sacrarat
802 1014 904 1077 Amor
918 1015 1001 1099 pius.

487 1214 560 1279 Sint
574 1229 686 1300 pacata
701 1219 814 1282 animis
829 1221 950 1283 somnia
965 1220 1131 1298 masculis3

486 1319 537 1381 Sit
551 1319 624 1383 fidis
639 1322 740 1385 oculis
754 1335 828 1408 post
842 1322 996 1388 lacrumas
1012 1325 1119 1410 qvies3

483 1419 597 1485 Virtus
612 1423 762 1507 virgineis
776 1426 886 1489 iuncta
901 1428 1070 1492 decoribus

570 1523 717 1590 Heroum
732 1528 773 1591 ad
789 1530 951 1594 tumulum
966 1544 1083 1614 gemat.

483 1726 516 1790 N
518 1750 553 1792 os
568 1729 652 1794 inter
667 1734 800 1798 nebulas
815 1759 881 1799 sors
897 1737 973 1800 tulit
989 1738 1132 1801 horridas
1147 1763 1153 1801 :

484 1829 603 1896 Stellae
618 1845 692 1919 post
706 1836 782 1900 alias
798 1861 837 1900 cn
852 1838 932 1901 aliae
948 1839 1084 1917 cadunt3

482 1932 595 2017 Magni
611 1938 764 2023 qvidqvid
779 1952 846 2003 crat
862 1941 1009 2018 nominis,
1026 1952 1083 2004 aut
1098 1941 1199 2005 facem

569 2037 749 2104 Praebebat
763 2041 895 2126 populo,
912 2044 1006 2128 perit.

481 2242 595 2308 Tristis
610 2258 704 2330 gutta
720 2248 792 2310 fluit
807 2270 885 2332 qvae
901 2247 988 2311 dolet
1004 2248 1115 2311 inritas

481 2347 562 2433 Spes
576 2362 633 2413 aut
648 2351 803 2414 laetitiam
818 2373 882 2414 nou
897 2351 1107 2415 revocabilem
1122 2378 1128 2415 :

482 2449 629 2514 Heroum
644 2453 684 2515 ad
700 2453 821 2516 cineres
836 2453 907 2516 fusa
923 2453 1086 2517 decentior

568 2554 677 2619 Stillat
692 2557 800 2620 debita
816 2556 965 2622 lacrumo.

480 2760 648 2846 Fugerunt
663 2763 800 2848 speculis
815 2763 976 2848 lampades
991 2763 1159 2830 omnibus:

480 2861 538 2942 Te,
556 2875 684 2929 centum
700 2867 833 2930 celebris
848 2868 916 2931 dux
932 2868 1016 2930 bone
1031 2867 1170 2951 praeliis,

480 2965 589 3052 Teqve
606 2967 635 3031 O
651 2969 704 3032 cui
719 2969 812 3033 labiis
828 2970 926 3033 fluxit
940 2970 980 3033 ab
995 2970 1097 3055 igneis

566 3069 638 3134 Pax
654 3083 687 3135 et
701 3071 803 3136 libera
819 3072 958 3150 Veritas,

478 3277 601 3342 Ambos
616 3301 683 3342 nox
697 3281 833 3365 premit:
856 3291 889 3343 at
904 3279 981 3344 dum
996 3281 1084 3365 viget
1098 3279 1220 3343 incluta

479 3379 603 3459 Virtus,
621 3382 697 3445 dum
713 3382 821 3447 Pietas
838 3383 952 3447 Martis
967 3405 1047 3469 opus
1062 3384 1160 3461 dolet,

479 3484 552 3553 Qvo
567 3485 665 3549 vitam
681 3485 832 3550 eximiam
848 3487 962 3550 funere
978 3486 1149 3552 clauserint

567 3588 704 3654 Nativae
719 3590 863 3655 recinent
877 3589 975 3674 lyrae.

1162 3694 1199 3751 ll.
1214 3694 1242 3750 J.
1257 3694 1294 3750 H.

838 3809 877 3851 ll
