2834 5340
531 782 713 832 SABRINAE
732 781 906 830 COROLLA.

553 1047 695 1122 Bellum
717 1051 885 1123 Caetera.

220 1246 379 1311 Protenus
392 1248 530 1314 incestos
546 1262 633 1314 atrae
648 1273 681 1314 se
697 1250 799 1313 noctis
813 1250 847 1312 in
862 1249 969 1312 hostes

220 1348 360 1414 coniicit
374 1351 473 1416 instar
488 1352 619 1431 babens,
636 1354 918 1436 ardescentumqve
933 1362 1074 1414 rotarum

219 1452 264 1517 Vi
279 1454 388 1518 tremit
403 1477 445 1517 ex
459 1455 532 1519 imis
546 1456 708 1520 radicibus
723 1455 839 1539 ignifer
854 1455 974 1518 aether.

221 1555 327 1620 Unius
340 1557 526 1622 inconcussa
539 1582 598 1622 suo
613 1569 677 1622 stat
691 1559 805 1622 robore
820 1558 909 1622 sedes

222 1659 298 1743 Ipsa
314 1661 386 1725 Dei.
433 1661 539 1725 Tanto
554 1663 621 1726 ruit
635 1662 745 1746 inpete
761 1672 794 1725 et
807 1660 896 1725 ilicet
909 1660 1034 1724 hostem

222 1761 431 1846 Adseqvitur,
448 1764 624 1848 dextraqve
639 1764 782 1827 tonitrua
798 1763 922 1826 vindice
938 1763 1057 1826 circum

222 1862 398 1928 Innumero
413 1865 517 1929 vibrat
531 1888 675 1958 numero,
692 1865 925 1949 praemissaqve
940 1864 1005 1928 tela

223 1965 366 2052 Torqvet
379 1989 476 2052 agens
490 1978 565 2030 ante
579 1977 674 2051 atqve
688 1966 794 2050 infigit
808 1966 902 2030 corde
917 1967 977 2029 sub
991 1966 1058 2030 alto

224 2069 344 2135 Pestes.
391 2070 543 2135 Adtoniti
556 2081 678 2134 cessant
694 2069 857 2146 obsistere,
874 2080 975 2133 cessat

224 2174 350 2252 Robur,
367 2185 400 2237 et
415 2197 433 2238 e
448 2175 594 2238 manibus
608 2173 793 2260 procumbit
808 2173 922 2237 inutile
936 2174 1066 2238 ferrum.

226 2277 325 2341 Scuta
339 2299 436 2360 super
449 2276 616 2361 galeasqve
631 2276 726 2340 simul
740 2274 926 2360 galeataqve
941 2299 1053 2359 regum

226 2378 531 2462 Magnanimumqve
547 2377 664 2442 ducum
679 2379 786 2464 pergit
800 2379 905 2463 capita
917 2379 963 2442 ire
978 2379 1149 2445 iacentum.

227 2481 332 2549 Qvam
347 2480 467 2545 vellent
481 2481 610 2558 iterum,
627 2481 688 2544 diis
703 2493 848 2545 tutamen
864 2481 903 2544 ab
918 2481 984 2557 iris,

228 2585 397 2649 Montibus
412 2585 538 2669 urgeri:
563 2583 618 2647 sed
633 2584 793 2668 utrimqve
807 2584 894 2647 haud
909 2584 1011 2647 secius
1026 2596 1120 2667 urget

229 2687 414 2772 Tempestas
428 2687 566 2752 telorum
581 2710 617 2751 ac
631 2687 755 2752 ferreus
769 2687 890 2771 ingruit
902 2687 1014 2750 imber.

230 2789 391 2857 Qvattuor
404 2790 490 2854 hunc
504 2790 626 2855 formae
642 2791 796 2854 emittunt
810 2791 944 2854 totidem
960 2813 1015 2854 ora
1029 2790 1178 2869 ferentes,

230 2891 382 2977 Qvaeqve
396 2892 462 2956 suis
477 2892 625 2957 distincta
641 2893 752 2971 oculis,
768 2893 949 2976 pariterqve
964 2905 1106 2956 rotarum

230 2995 413 3059 Innumeris
427 2995 578 3059 distincta
593 2997 693 3060 oculis
708 2996 907 3081 animataqve
923 2997 1032 3060 virtus.

231 3098 296 3164 sed
311 3110 443 3163 cunctos
457 3122 547 3163 mens
560 3122 623 3162 una
636 3099 730 3183 regit,
746 3100 802 3163 sed
816 3099 937 3164 lumina
953 3100 1089 3163 flammis

231 3201 364 3288 Singula
379 3202 543 3266 fulmineis
557 3201 701 3280 rutilant,
719 3203 804 3265 unde
819 3203 934 3267 emicat
948 3204 1031 3287 ignis

231 3306 407 3390 Exitioqve
422 3326 486 3368 uno
501 3304 727 3368 sceleratorum
741 3305 868 3389 agmina
882 3305 1002 3369 miscet.

231 3406 291 3471 Vis
306 3417 421 3470 exusta
434 3406 528 3490 perit,
546 3404 660 3469 solitus
674 3406 764 3490 vigor
779 3430 848 3471 ossa
861 3407 1003 3492 reliquit,

233 3512 394 3595 Spemqve
407 3510 612 3594 animumqve
627 3510 723 3574 simul
739 3511 932 3595 disiectaqve
946 3512 1062 3576 robora
1075 3528 1212 3596 ponunt.

234 3612 299 3678 Sed
312 3634 416 3698 neqve
430 3612 579 3677 dimidias
593 3613 676 3676 vires
691 3624 830 3691 exercet,
847 3623 880 3677 et
894 3614 1000 3698 ignem

233 3715 343 3799 Lapsu
356 3715 483 3779 inhibet
500 3715 626 3793 medio;
650 3738 752 3800 neqve
768 3717 853 3780 enirn
867 3717 1046 3780 rescindere
1061 3719 1100 3782 ad
1116 3742 1226 3797 unum,

235 3818 300 3883 Sed
313 3819 443 3904 penitus
457 3828 529 3882 toto
544 3818 647 3882 voluit
661 3819 839 3883 convellere
855 3819 952 3883 caelo.

235 3922 296 3987 Ille
310 3921 377 3987 solo
392 3922 477 3987 levat
491 3945 635 4001 eversos3
661 3922 829 4007 qvalesqve
845 3945 1008 4007 caprarum

235 4025 305 4089 Aut
320 4024 428 4089 ovium
442 4024 578 4089 inbelles
593 4048 626 4088 se
642 4025 878 4110 conglomerare
894 4036 1035 4088 catervas

233 4128 394 4206 Vidimus,
411 4127 545 4192 adflatos
560 4128 681 4192 tonitru
698 4128 790 4211 fugat
804 4140 878 4192 ante
893 4149 1034 4205 corusce,

235 4231 339 4316 Terga
352 4241 517 4316 premente
533 4242 622 4293 metu
636 4231 791 4316 furiisqve
807 4230 993 4314 seqvacibus
1009 4252 1108 4314 usqvc

236 4335 350 4400 Limen
365 4336 405 4399 ad
420 4346 602 4400 extremum
618 4345 651 4398 et
666 4334 850 4419 crystallina
864 4333 990 4397 moenia
1005 4333 1094 4397 caeli.
