2834 5340
624 810 806 861 SABRINAE
826 807 1001 859 COROLLA.

465 1183 501 1259 0
521 1185 676 1272 Nunnio,
693 1186 768 1260 wilt
783 1187 868 1260 thou
881 1211 986 1284 gang
1001 1184 1061 1258 τοῖ’
1078 1187 1165 1258 me?

443 1361 519 1426 Vin’
534 1372 582 1442 tu,
598 1362 725 1440 Lesbia,
742 1361 918 1446 demigrare
932 1382 1069 1438 mecum,
1156 1372 1159 1377 '

443 1462 549 1528 Lauta
563 1465 674 1529 cedere
688 1487 747 1529 nec
761 1463 887 1550 pigebit
901 1463 1005 1526 urbe?

444 1565 499 1628 An
513 1578 649 1649 possunt
663 1566 778 1629 tacitae
793 1565 918 1651 placere
932 1563 1030 1628 valles

441 1665 488 1729 Et
501 1689 624 1753 pauper
639 1690 710 1731 casa
725 1667 918 1751 crassiorqve
932 1664 1044 1751 palla?

444 1769 521 1832 Non
536 1770 729 1854 bombycina
744 1791 853 1832 rursus
866 1766 1019 1844 indueris,

443 1871 520 1935 Non
534 1871 746 1958 pellucidulas
760 1870 898 1956 superba
911 1891 1063 1954 gemmas,

445 1973 511 2037 Sed
525 1996 638 2057 regum
653 1973 758 2058 fugies
772 1995 910 2058 opesqve
925 1981 959 2034 et
973 1970 1071 2045 aulas,

374 2071 381 2089 ’
444 2075 516 2142 Qva
529 2087 568 2141 tu
582 2076 641 2140 flos
654 2077 761 2140 fueras
774 2075 1018 2140 venustiorum?

445 2245 516 2312 Nec
531 2271 635 2333 quom,
650 2247 778 2326 Lesbia,
794 2246 925 2331 fugeris,
941 2246 1106 2310 madentes

446 2348 596 2435 Unqvam
611 2349 735 2414 reiicies
748 2373 844 2414 avens
859 2348 1000 2413 ocellos?

445 2452 536 2517 Haec
550 2453 638 2516 frons
652 2452 828 2517 inmodicos
842 2452 966 2516 foretne
980 2450 1063 2515 soles

445 2557 491 2620 Et
506 2579 629 2620 morsus
644 2556 788 2620 hiemum
802 2556 1020 2619 severiorum?

445 2659 536 2723 Haec
552 2659 648 2723 duros
662 2659 770 2723 scierit
784 2659 852 2744 pati
867 2659 992 2722 labores

445 2760 526 2825 Tam
541 2761 663 2824 mellita
677 2761 791 2845 figura,
808 2771 873 2824 tarn
889 2761 1016 2838 tenella,

447 2863 518 2928 Nec
532 2887 613 2928 vano
628 2874 755 2948 repetet
770 2864 878 2927 dolore
893 2864 983 2928 sedes

447 2966 520 3034 Qva
535 2978 571 3030 tu
587 2968 646 3030 flos
661 2966 767 3030 fueras
782 2967 1025 3031 venustiornm?

446 3139 501 3202 An
515 3138 570 3216 sic,
585 3137 713 3216 Lesbia,
729 3162 825 3216 amas,
842 3148 880 3201 ut
893 3161 986 3202 omne
1001 3161 1127 3201 mecum

447 3240 606 3324 Adjutrix
622 3240 718 3304 obeas
732 3242 846 3304 lubens
861 3241 1027 3326 periclum,

447 3341 506 3421 Ut,
524 3342 675 3428 qvidqvid
690 3344 815 3407 dederit
830 3343 908 3407 deus
922 3344 1090 3421 malorum,

446 3443 499 3507 Tu
514 3443 696 3507 solatiolum
711 3444 794 3509 feras
809 3444 954 3508 dolenti?

447 3548 573 3632 Aegros
588 3557 665 3610 tune
680 3546 739 3609 viri
754 3547 967 3612 febricitantis

447 3650 595 3733 Angores
610 3649 752 3713 studiosa
767 3649 939 3733 mitigabis,

448 3751 518 3815 Nec
530 3751 658 3835 liquisse
672 3750 787 3814 hilares
803 3751 928 3835 pigebit
942 3750 1041 3829 aulas,

447 3854 520 3922 Qva
536 3866 574 3917 tu
588 3855 647 3917 flos
661 3854 766 3916 fueras
780 3855 1023 3918 venustiorum?

447 4027 553 4095 Qvom
569 4049 653 4090 mors
668 4025 828 4111 obprimet
842 4027 993 4111 ingruens
1007 4036 1178 4108 amantem,

447 4130 500 4194 Tu
513 4129 611 4193 labris
624 4129 761 4192 animam
777 4129 862 4213 leges
875 4130 1033 4213 fugacem,

447 4232 551 4311 Tune,
568 4255 695 4296 ornnem
709 4233 865 4315 gemitum
878 4255 1035 4317 premens,
1052 4257 1164 4298 sereno

448 4333 622 4399 Pulvinum
638 4334 834 4399 exhilarabis
849 4335 933 4400 alma
946 4335 1036 4399 risu?

222 4604 461 4808 Λ
