2834 5340
498 837 680 887 SABRINAE
699 838 874 888 COROLLA.

597 1187 779 1263 Parisino.

225 1369 273 1433 At
287 1392 351 1434 non
366 1371 530 1456 egreditur
543 1372 668 1436 foribus
683 1373 829 1438 Parisina
843 1373 989 1459 superbis

268 1473 392 1537 Audiat
407 1483 445 1537 ut
459 1474 628 1559 strepitum
644 1474 819 1540 desilientis
834 1498 950 1561 aqvae;

223 1571 294 1638 Nec
309 1598 387 1660 vaga
402 1576 563 1660 nigrantes
577 1577 688 1661 regina
701 1578 903 1662 perambulat
917 1579 1046 1642 umbras

267 1678 377 1742 Aurea
392 1679 542 1743 nocturni
556 1693 681 1765 spectet
695 1691 733 1745 ut
748 1690 832 1744 astra
847 1680 952 1745 chori:

225 1779 300 1843 Sive
315 1781 405 1844 sedet
420 1781 533 1846 mediis
549 1784 718 1848 umbrosae
732 1782 766 1846 in
782 1782 915 1846 floribus
928 1783 1033 1862 Estes,

268 1883 344 1947 Non
360 1894 408 1947 est
423 1884 571 1969 expliciti
586 1886 739 1970 germinis
752 1886 835 1951 illud
852 1908 952 1971 opus3

223 1984 461 2070 Exspectatqve
476 2009 569 2050 sonos
584 1997 617 2050 et
632 1986 739 2051 dulcia
753 2010 918 2052 murmura
933 2010 1131 2073 qvamqvam,

267 2088 344 2152 Non
358 2089 516 2153 desiderio
531 2111 606 2168 vox,
624 2089 813 2169 Philomela,
831 2102 887 2155 tua
900 2102 957 2155 est.

225 2191 287 2255 Pes
301 2214 403 2256 novus
419 2215 437 2256 e
451 2193 551 2277 spissa
565 2193 719 2258 foliorum
733 2193 894 2258 adlabitur
908 2193 1033 2272 umbra,

269 2294 368 2379 Inqve
383 2296 455 2359 sinu
471 2307 590 2361 tremor
605 2310 654 2362 est
667 2297 914 2383 pallueruntqve
927 2318 1048 2382 genae3

225 2395 356 2481 Iamque
370 2420 490 2462 novum
504 2412 657 2483 repetunt
671 2399 810 2483 virgulta
824 2399 970 2464 sonantia
984 2421 1141 2480 murmur,

269 2498 371 2582 Inqve
385 2499 476 2583 genis
489 2501 589 2564 rubor
604 2512 653 2564 est
666 2501 886 2586 intumuitqve
900 2501 998 2568 sinus.

225 2601 435 2679 Conveniens,
450 2603 546 2666 breve
562 2614 760 2667 momentum
775 2604 872 2668 modo
886 2603 1018 2689 fugerit,
1033 2603 1148 2669 ambo:

266 2703 385 2787 Fugit:
409 2703 543 2768 amantis
558 2727 666 2768 amans
680 2704 835 2769 sternitur
848 2715 923 2770 ante
935 2706 1044 2791 pedes.

1033 2808 1074 2866 H.
1088 2809 1123 2867 Τ.

602 3361 754 3458 Pompa.

219 3543 273 3607 En
287 3566 346 3628 age
359 3543 410 3608 fer
423 3543 567 3610 Veneres
581 3554 737 3629 qvotqvot
751 3564 834 3607 nova
847 3542 933 3608 secla
946 3543 1093 3625 crearint,

264 3645 395 3710 Luserit
409 3656 443 3710 et
458 3657 528 3710 toto
543 3655 689 3730 tempore
705 3643 861 3730 qvidqvid
875 3645 996 3711 Amor:

222 3748 318 3813 Adde
332 3749 525 3835 voluptates,
542 3771 617 3834 qvas
631 3748 725 3813 nobis
739 3771 834 3813 scena
847 3747 983 3833 paravit,

265 3850 391 3935 Qviqve
406 3850 517 3914 subest
530 3850 671 3914 numeris
685 3849 941 3934 carminibusqve
955 3848 1055 3935 lepor.

222 3952 341 4017 Confer
358 3961 391 4015 et
404 3951 590 4029 inlecebras,
606 3973 720 4035 regum
736 3952 852 4036 qvibus
866 3951 980 4015 adfluit
994 3949 1079 4030 astla,

263 4053 448 4138 Vultusqve
462 4062 495 4117 et
508 4052 601 4131 risus,
618 4051 741 4117 ludicra
755 4053 861 4117 mixta
872 4051 962 4116 iocis.

219 4155 339 4220 Dulcia
352 4178 426 4219 cum
440 4154 559 4220 salibus
573 4155 619 4220 sic
634 4154 881 4234 confundantur,
896 4165 937 4220 ut
948 4153 1033 4219 absit

262 4257 341 4324 Vox
355 4280 410 4323 ea:
434 4256 523 4323 Proh
537 4256 652 4324 claudo
667 4280 761 4345 qvam
774 4257 858 4343 pede
871 4278 990 4344 pompa
1003 4253 1102 4322 venit.

988 4389 1021 4448 F.
1034 4388 1070 4448 Ε.
1083 4386 1119 4446 G.

652 4507 711 4551 aa
