2834 5340
491 866 674 917 SABRINAE
692 865 867 916 COROLLA.

500 1169 622 1246 Grata
641 1170 853 1246 Posteritas.

349 1359 436 1427 Qvid
450 1359 673 1424 dominantum
688 1359 786 1424 decus
799 1370 848 1424 est
863 1369 999 1438 tantum,

348 1462 602 1546 Magnificentia‚
618 1485 747 1548 pompa,
763 1463 933 1548 potentia?

349 1565 458 1630 Labor
471 1565 640 1642 insuavior,
658 1587 758 1649 angor
771 1565 906 1648 gravior.

350 1666 441 1734 Qvae
455 1677 531 1730 sunt
545 1669 701 1730 munere?
745 1666 833 1731 Laus
846 1676 921 1752 post
934 1665 1059 1745 funera,

348 1770 489 1854 Voxqve
504 1770 633 1855 piorum
647 1779 737 1853 grata
752 1769 905 1834 virorum.

350 1871 420 1936 Ver
432 1880 506 1957 post
519 1893 607 1934 rores
622 1871 721 1956 spirat
736 1871 859 1949 odores,

350 1973 531 2056 Suavesqve
546 1972 644 2056 dapes
659 1972 803 2036 condunt
816 1971 878 2036 sibi
893 1995 985 2057 apes;

351 2074 455 2137 Sueve
471 2095 586 2137 canoro
601 2073 722 2137 sociata
736 2073 832 2137 choro

350 2176 480 2241 Fidium
494 2177 542 2240 ris
557 2187 623 2241 est:
641 2176 770 2240 suavius
784 2176 834 2240 his
850 2187 899 2241 est

350 2279 536 2343 Grandibus
551 2277 630 2342 setis
645 2288 679 2342 et
692 2279 775 2342 bene
789 2278 883 2343 factis

349 2381 438 2445 Bene
454 2379 588 2446 dicentis
603 2401 668 2444 vox
683 2381 876 2464 piamentis.

1082 2483 1120 2540 K.

580 2634 779 2645 *—

617 2827 736 2901 Fides.

219 3019 340 3085 Laesus
352 3018 388 3083 in
401 3018 462 3082 hoe
476 3017 639 3102 fessusqve
653 3019 725 3083 sinu
739 3028 826 3102 pete,
843 3017 946 3096 dama,
964 3018 1121 3104 quietem

261 3120 368 3189 Quom
382 3120 460 3184 socii
473 3120 615 3204 fugiunt,
629 3119 682 3184 hic
697 3120 757 3184 tibi
773 3129 860 3183 certa
873 3120 1006 3197 domus;

221 3223 286 3288 Hie
301 3224 363 3288 tibi
376 3223 460 3287 risus
474 3223 564 3286 adest
579 3233 612 3287 et
627 3223 686 3287 lux
699 3222 847 3286 innubila
860 3221 986 3300 frontis„

262 3327 309 3391 Et
323 3348 413 3390 mens
426 3335 584 3412 perpetua
594 3326 709 3410 juncta
722 3326 986 3411 manusqvefide.

221 3515 277 3580 Ah
292 3514 368 3599 qvid
382 3535 471 3578 amor
485 3513 635 3598 prodesse
649 3513 744 3591 valet,
760 3513 795 3578 ni
810 3536 935 3599 semper
949 3512 1087 3577 eundem

264 3617 395 3682 Gaudia
409 3626 442 3680 et
456 3638 637 3695 aerumnae,
653 3617 739 3680 fama
752 3617 931 3701 pudorque,
946 3616 1080 3680 vident?

221 3720 292 3785 Nee
306 3719 382 3798 scio,
398 3741 457 3782 nec
473 3741 599 3802 qveero,
616 3718 784 3805 culpamne
797 3718 833 3782 in
846 3728 976 3804 pectore
991 3717 1092 3796 eeles;

264 3819 339 3886 Hoc
353 3820 429 3898 scio,
446 3840 537 3884 carus
553 3820 615 3885 eris
629 3831 667 3885 tu
680 3819 771 3900 mihi,
789 3820 943 3908 qvidqvid
956 3820 1027 3885 eris.

221 4011 270 4076 Ut
283 4033 334 4076 me
349 4009 462 4075 dixisti
477 4008 583 4073 media
596 4009 681 4074 iuter
694 3986 812 4093 geudia
825 4007 941 4087 divam,

264 4113 304 4177 In
318 4112 432 4181 mediis
446 4113 559 4178 eadem
574 4111 634 4175 sim
649 4111 710 4176 tibi
724 4110 797 4174 diva
809 4109 919 4175 malis:

221 4217 283 4282 Per
297 4215 440 4280 flammas
455 4226 513 4280 tua
526 4236 611 4301 pone
626 4214 715 4300 seqvi
729 4212 873 4296 vestigia,
891 4221 985 4297 teqve

263 4317 410 4402 Eripere,
426 4330 484 4383 aut
497 4329 605 4382 tecum
620 4316 698 4381 dent
711 4314 791 4380 mihi
805 4313 873 4380 fate
885 4313 977 4380 mori.

1082 4415 1120 4472 K.
