2842 5078
547 346 730 397 SABRINAE
749 346 924 397 COROLLA.

502 759 690 833 Hannibal
703 761 832 834 transit
849 758 970 857 Alpes.

366 941 420 1006 An
434 943 478 1007 sio
492 945 635 1022 moraris,
650 943 766 1007 miles?
810 943 882 1026 Age
897 941 1014 1005 arduos

366 1044 481 1109 Passus
495 1045 628 1122 labores,
641 1068 738 1132 perge
753 1046 821 1131 pati
839 1047 950 1129 (timor

429 1147 580 1212 Testatur
593 1148 735 1233 ignavos)
752 1149 901 1233 novisqve

495 1252 594 1315 Sume
608 1274 706 1315 novos
720 1251 842 1315 animos
855 1249 993 1336 periclis.

365 1472 572 1557 Praegressus
585 1473 660 1538 ibo:
682 1495 748 1537 non
763 1495 822 1557 ego
836 1471 994 1558 perfidum

364 1574 447 1639 Dixi
461 1585 710 1640 sacramentum:
734 1575 890 1660 inseqvar,
905 1575 1064 1659 inseqvar‚

430 1673 596 1759 Patrisqve
610 1685 644 1737 et
658 1673 766 1737 altaris
781 1674 935 1758 dataeque

494 1775 574 1840 Rite
588 1798 712 1840 memor
725 1775 812 1854 fidei,
829 1774 981 1841 Qvirites.

365 1997 419 2061 Sic
434 1997 549 2062 clamat
563 2007 658 2062 atrox
674 1997 840 2062 Hannibal
855 2007 888 2061 et
902 1996 969 2060 ruit

365 2100 520 2164 Ardentis
533 2100 633 2164 instar
647 2099 792 2163 fulminis
808 2099 943 2183 Alpium

428 2202 492 2266 Per
506 2224 639 2280 summa,
656 2202 875 2287 subiectasqve
890 2200 954 2264 late

493 2303 625 2388 Spernit
640 2326 736 2368 ovans
749 2304 886 2390 pedibus
900 2301 1041 2389 pruinas,

364 2522 411 2585 Et
426 2530 490 2586 stat
503 2522 617 2605 gelatis
632 2522 778 2587 victorin
793 2523 929 2588 arcibus.

364 2623 462 2688 Illum
477 2624 512 2687 in
526 2625 644 2688 nivosis
658 2625 799 2689 nubibus
814 2626 960 2689 abditum

429 2726 581 2812 Interque
597 2739 762 2791 concretos
777 2729 898 2812 rigores

493 2830 628 2893 Viribus
642 2829 813 2894 Herculeis
827 2840 976 2895 ruentem

365 3048 528 3134 Stupescit
541 3050 626 3113 infra
639 3051 741 3130 miles,
758 3061 791 3115 et
804 3051 927 3136 insequi

365 3150 480 3214 Certus
495 3150 632 3215 salebras
646 3153 746 3238 pallet
759 3154 947 3238 inhospitas,

426 3252 600 3337 Nunqvam
616 3265 666 3318 tot
681 3266 835 3340 expertus
849 3256 983 3332 labores,

493 3355 597 3419 Tanta
611 3356 704 3420 famis
718 3357 811 3437 mala,
829 3368 918 3421 tanta
931 3355 1019 3420 belli.

363 3573 435 3638 lllic
452 3576 582 3660 paventi
596 3576 718 3641 lumine
734 3580 868 3664 suspicit

361 3677 440 3740 Alte
455 3678 588 3761 fragosis
603 3681 766 3744 montibus
780 3683 906 3746 additos

426 3779 558 3843 Montes
574 3792 606 3843 et
622 3783 782 3846 auscultat
797 3784 954 3868 procellae

490 3882 677 3967 Saxifragae
692 3886 885 3971 fremituqvc
902 3886 995 3950 Cori:
