2834 5340
252 819 301 868 31⁸
570 822 754 871 SABRINAE
772 823 948 874 COROLLA.

383 987 430 1053 Ut
444 988 611 1053 adsidebat
625 988 780 1054 luctubus
795 989 940 1068 ultumis,

383 1089 508 1154 Lucina
522 1114 617 1175 qvom
632 1114 697 1155 non
712 1093 869 1176 partubus
884 1092 1008 1171 adsuit3

448 1192 497 1257 Ut
510 1192 623 1257 fraude
638 1193 790 1278 prudenti
805 1195 929 1278 peritus

511 1294 722 1360 Dissimulare
737 1319 812 1361 suos
827 1297 952 1361 dolores

383 1500 569 1565 Mussabat:
595 1499 693 1564 Esto:
718 1500 776 1565 lux
791 1524 862 1564 mea
877 1502 954 1565 dum
969 1501 1063 1580 valet,

382 1602 541 1668 Deflenda
555 1603 697 1687 qvamvis
712 1626 796 1668 mors
810 1605 903 1690 pueri
919 1616 978 1683 est,
996 1616 1103 1669 tamen

446 1705 534 1770 Cedo
550 1706 708 1770 voluntati
726 1707 863 1771 Iehovae
878 1718 912 1771 et

512 1808 668 1892 Coniugis
682 1809 716 1872 in
730 1811 853 1894 gremio
867 1812 1037 1897 qviescam.

382 2015 435 2078 Sic
450 2037 509 2101 pro
523 2013 643 2100 pudico
658 2014 802 2079 solicitus
817 2026 887 2079 toro

381 2117 492 2182 Duxit
506 2140 637 2182 suorum
653 2117 770 2181 oblivia
785 2118 972 2183 vulnerum:

444 2221 506 2284 Ast
520 2219 576 2283 illa
589 2220 751 2305 suspirans
764 2243 904 2285 amorem

509 2322 599 2386 Dum
612 2322 736 2400 reticet,
753 2322 868 2386 melius
882 2323 992 2388 locuta
1005 2338 1063 2391 est.

381 2529 488 2594 Solem
504 2539 573 2593 atra
587 2528 690 2592 nubes
706 2528 870 2592 condidit:
896 2529 1033 2612 Angliae

380 2633 507 2698 Incerta
521 2633 648 2717 fulgent
662 2633 774 2698 sidera.
822 2632 1004 2718 Pauperum

444 2736 535 2803 Qvae
549 2759 635 2813 cura,
653 2759 732 2820 qvae
747 2735 862 2819 regalis
878 2758 962 2799 uxor

508 2839 623 2925 Nuper
638 2849 716 2917 erat,
733 2839 908 2924 populiqve
923 2851 1035 2918 mater,

377 3046 521 3111 Evanuit
536 3046 604 3111 flos.
652 3046 732 3113 Qvis
747 3045 852 3131 pudor
867 3057 923 3109 aut
938 3047 1052 3110 modus

377 3150 475 3214 Nunc
490 3150 532 3213 sit
548 3148 701 3212 dolendi?
746 3149 962 3233 Conqveritur
976 3149 1052 3212 deos

442 3251 533 3315 Gens
547 3262 658 3315 nostra
672 3261 823 3329 mutatos,
840 3251 992 3336 novisqve

505 3353 633 3417 Damna
649 3352 742 3416 timet
757 3353 904 3416 nocitura
917 3354 1018 3418 seclis.

377 3558 442 3622 Sed
457 3557 647 3643 deprecandi
663 3557 690 3620 si
704 3559 797 3619 venia
811 3568 870 3634 est,
886 3557 989 3621 adhuc

375 3661 550 3745 Adscripts
564 3659 652 3725 caelo
668 3682 757 3724 mens
772 3671 828 3723 tua
843 3660 980 3745 patriam

440 3764 591 3842 Tutetur,
608 3774 790 3848 avertntqve
805 3773 911 3847 pestes

504 3867 537 3930 A
551 3865 683 3952 populo.
731 3864 806 3928 Tibi
822 3863 915 3927 Have
930 3862 1076 3948 Valeqve

375 4073 505 4137 Flentes
519 4093 706 4157 supremum
722 4070 867 4135 dicimus.
915 4071 962 4134 At
978 4092 1100 4132 memor

378 4175 495 4239 Urnam
509 4175 626 4237 reviset
640 4173 810 4259 posteritas
826 4183 924 4250 tuam,

439 4277 613 4362 Fletusqve
629 4276 814 4361 votivosqve
830 4287 944 4339 cantus

502 4382 632 4446 Fundet
646 4381 750 4446 adhuc
764 4380 867 4467 pietas
882 4389 1053 4464 superstes.

1104 4481 1142 4539 A.
1155 4482 1185 4538 L.
