2834 5340
487 852 670 906 salamnus
688 854 865 904 COROLLA.

496 1086 663 1186 Δακςυόεν
680 1087 849 1180 pradasco.

220 1267 267 1331 Te
281 1268 358 1347 vidi,
374 1291 455 1349 mea,
472 1271 560 1350 flere,
578 1271 689 1350 Chloe,
705 1269 916 1354 lacrumisqve
931 1267 1059 1332 madere

260 1370 402 1436 Lumina
415 1374 563 1438 caeruleo
577 1372 793 1458 splendidiora
806 1371 901 1457 polo:

219 1471 398 1536 Blanditias
412 1473 519 1538 tristes
533 1475 661 1552 mirans,
680 1473 733 1537 Sic
748 1494 850 1549 mane,
866 1469 988 1557 putavi,

261 1574 401 1639 Lucenti
415 1574 518 1640 violae
533 1600 605 1640 rore
620 1575 737 1639 micare
752 1574 866 1638 solent.

219 1677 298 1743 Vidi
312 1679 431 1742 iterum
445 1678 547 1744 risus:
572 1702 678 1744 coram
692 1678 818 1742 ridente
833 1677 957 1741 subacti

264 1781 417 1866 Sapphiri
430 1781 537 1846 radios
552 1782 729 1866 deposuere
744 1801 828 1844 suos.

221 1882 297 1947 Non
311 1883 401 1948 locus
416 1895 465 1948 est
478 1885 624 1969 gemmis,
640 1884 698 1948 ubi
713 1883 785 1948 talis
799 1882 907 1968 fulgor
922 1882 1014 1946 ocelli

265 1986 384 2072 Spirat,
400 1996 434 2051 et
447 1987 590 2073 ingenuo
605 1987 696 2051 vivus
709 1986 744 2050 in
758 2008 813 2050 ore
828 1986 933 2049 decor.

222 2158 307 2222 Nam
321 2158 425 2223 veluti
437 2160 565 2224 nimbos
580 2160 665 2225 inter
676 2159 760 2223 nitet
773 2157 903 2221 aethere
919 2155 1081 2235 Phoebus,

265 2259 335 2323 Nec
349 2261 480 2347 propria
493 2263 596 2326 nubes
610 2261 682 2326 luce
696 2261 813 2324 rubere
825 2258 923 2337 facit;

224 2361 314 2429 Qvae
328 2362 379 2427 vel
394 2363 498 2427 adbuc
513 2374 639 2428 servant
652 2385 761 2427 roseae
775 2363 911 2447 vestigia
924 2363 1080 2436 flammae,

266 2464 372 2531 Qvom
388 2467 536 2532 tenebras
550 2467 645 2552 pulso
660 2490 728 2531 nox
743 2467 843 2531 trahit
858 2461 928 2530 atra
942 2465 1012 2529 die:

226 2566 279 2630 Sic
293 2568 434 2632 subeunt
447 2568 495 2632 illi
509 2569 690 2634 tristissima
704 2581 835 2655 pectora
848 2569 941 2645 risus,

268 2670 321 2736 Sic
336 2672 415 2737 dant
427 2672 584 2737 laetitiam
598 2685 719 2738 maesta
731 2696 790 2759 per
805 2696 860 2736 ora
872 2693 998 2736 novam.

225 2773 324 2837 Risus
337 2774 424 2840 abit:
447 2775 550 2839 menti
563 2787 709 2862 superest
721 2774 855 2838 ridentis
868 2774 985 2857 imago,

268 2874 432 2940 Tristitiae
446 2900 620 2943 memorem
635 2900 693 2941 nec
708 2877 784 2942 sinit
798 2898 865 2940 esse
880 2898 966 2941 suae.

980 2978 1028 3036 W.
1043 2978 1077 3035 E.
1090 2978 1125 3034 E.

521 3384 645 3458 Stulta
663 3382 848 3481 Superbia.

228 3583 336 3651 Qvom
351 3582 459 3668 tetigit
471 3583 576 3648 nubes
589 3605 666 3647 arcu
680 3582 777 3647 modo
791 3583 886 3648 missa
899 3584 1024 3669 sagitta,

272 3684 326 3749 Sic
340 3685 447 3749 avium
461 3708 543 3750 vano
557 3695 710 3770 provocat
725 3706 780 3749 ore
795 3684 929 3750 ducem:

228 3787 292 3866 En,
308 3787 422 3873 aqvila,
438 3788 472 3852 in
486 3810 619 3873 superas
633 3811 693 3873 ego
708 3799 741 3852 te
756 3788 924 3852 sublimior
937 3810 1029 3852 auras

273 3890 454 3976 Conreptus
469 3890 603 3955 Phoebo
617 3891 680 3954 iam
696 3890 847 3976 propiore
862 3890 961 3955 fruor.

230 3993 320 4058 Huic
334 3993 400 4058 avis
414 3993 555 4057 inridens
569 3993 693 4078 inqvit:
718 3991 900 4057 Vanissima
913 4013 1032 4069 rerum,

274 4095 362 4163 Qvid
374 4106 407 4160 te
421 4106 526 4159 sumta
539 4095 630 4159 brevi
642 4104 788 4180 tempore
802 4117 908 4180 penna
923 4095 1035 4159 iuvat?

231 4198 363 4263 Scaudio
377 4199 418 4265 ad
431 4197 589 4262 aetherias
603 4197 715 4262 alienis
729 4197 850 4260 viribus
865 4219 970 4274 arces3

274 4302 330 4366 Ad
344 4311 459 4366 terram
474 4301 603 4388 proprio
618 4302 759 4388 pondere
774 4300 862 4386 lapsa
875 4299 952 4364 ruis.

1094 4403 1131 4458 Κ.
