2834 5340
488 836 671 886 SABRINAE
690 839 865 889 COROLLA.
1136 842 1184 889 18⁸

530 1179 698 1252 Primulo
718 1177 824 1254 Veris.

309 1358 444 1426 Qvaeris
458 1382 516 1423 cur
530 1360 590 1424 tibi
606 1361 734 1424 muneri

349 1462 402 1525 Sic
417 1463 493 1526 anni
509 1462 652 1526 dederim
664 1461 824 1549 primitias
836 1463 922 1542 novi,

306 1563 373 1627 Cur
386 1563 438 1627 hic
454 1566 513 1628 flos
528 1565 589 1628 tibi
604 1566 740 1644 venerit,

349 1666 450 1730 Primi
465 1667 547 1730 veris
562 1666 673 1744 honos,
689 1667 817 1730 roribus
833 1667 970 1731 emicans
980 1669 1043 1732 2-

306 1872 393 1939 Qvas
409 1872 463 1937 dat
480 1872 611 1936 delicias
625 1873 739 1951 Amor,

348 1975 434 2054 Illas,
450 1977 543 2040 crede
558 1975 648 2053 mihi,
665 1976 809 2040 fletubus
823 1976 997 2061 inrigat.—

306 2077 441 2144 Qvaeris
456 2100 514 2142 cur
529 2078 576 2141 ita
590 2077 731 2164 pallidus

347 2181 523 2265 Aegrescat
536 2181 632 2245 viridi
646 2180 769 2244 lumine
783 2180 955 2261 flosculus3

311 2386 427 2450 Culmo
442 2411 500 2451 cur
514 2397 626 2452 tenero
641 2388 738 2452 nimis

349 2491 525 2570 Flectatur‚
541 2513 644 2576 neqve
659 2492 764 2556 adhuc
778 2491 899 2582 fractus
912 2490 1005 2555 humi
1021 2490 1111 2555 cadat
1121 2492 1185 2556 ἳ-

310 2591 401 2655 Haec
416 2604 461 2669 te,
478 2592 571 2655 crede
585 2592 677 2671 mihi,
694 2594 810 2657 docent

352 2694 401 2757 Ut
415 2716 486 2779 spes
500 2694 585 2758 inter
599 2694 702 2758 Amor
715 2695 855 2780 pendeat
870 2704 904 2759 et
917 2705 1033 2761 metus.

461 3308 619 3405 Surgere
636 3306 707 3380 ium
731 3306 892 3403 Tempus.

306 3475 479 3541 Audisne?
500 3475 580 3540 caeli
594 3475 658 3540 iam
673 3476 760 3541 canit
774 3476 915 3541 adfores

307 3577 455 3644 Alauda:
478 3578 542 3642 iam
558 3577 607 3641 sol
621 3577 764 3642 deseruit
778 3586 897 3658 torum,

371 3681 418 3746 Et
432 3681 511 3745 flore
526 3680 588 3743 sub
604 3679 711 3745 clauso
725 3679 864 3744 latentes

436 3782 559 3848 Suadet
571 3805 670 3869 eqvos
684 3804 825 3847 reserare
839 3782 957 3849 fontes.

307 3988 378 4052 Iam
393 3987 601 4074 semiapertos
615 3988 756 4074 pandere
771 3986 933 4052 calthulae

307 4089 463 4155 Gaudent
477 4089 617 4156 ocellos:
642 4090 797 4176 qvidqvid
811 4098 898 4155 amat
912 4088 1029 4155 Venus

372 4192 442 4256 Iam
456 4193 578 4277 surgit:
603 4192 633 4256 O
650 4192 779 4257 tandem
794 4202 955 4257 morantes

438 4293 613 4373 Discutias‚
629 4317 702 4359 meu
715 4295 793 4374 vite,
808 4316 947 4360 somnos.

1044 4395 1081 4454 R.
1097 4396 1128 4457 S.
