2834 5340
481 839 665 892 sanamur:
682 840 857 891 COROLLA.
895 835 900 846 '

528 1054 644 1128 Miles
661 1078 793 1127 amam.

165 1226 262 1293 Qvod
275 1225 342 1290 fera
357 1235 424 1288 tarn
440 1222 534 1288 castis
546 1234 671 1286 mutare
686 1221 874 1286 recessubus
888 1240 977 1284 arma

208 1327 370 1413 Cogimur,
389 1349 468 1413 eqve
484 1336 543 1389 tuo
556 1324 685 1409 longius
698 1324 745 1387 ire
759 1323 843 1402 sinu,

164 1428 274 1508 Parce,
290 1452 413 1515 precor,
429 1429 535 1493 verbis
549 1427 685 1490 nimium
699 1425 866 1509 indulgere
881 1425 1015 1490 severis:

207 1533 284 1596 Non
299 1533 379 1597 adeo
395 1544 470 1596 tuus
485 1541 543 1610 est,
559 1530 620 1594 lux
635 1552 716 1607 mea,
734 1529 833 1593 durus
848 1551 965 1594 amans.
1083 1545 1087 1553 '

162 1695 247 1780 Etsi,
263 1696 329 1760 acie
343 1698 484 1781 primum
500 1715 730 1781 qvemcumqve
746 1693 938 1756 offendimus
952 1691 1087 1765 hostem.

207 1798 268 1861 Est
281 1820 383 1861 novus
397 1821 416 1861 a
430 1798 523 1862 nobis
537 1797 599 1860 iste
613 1795 771 1880 petendus
787 1817 886 1873 amor,

165 1899 200 1963 si
215 1899 319 1984 clipeo
332 1900 451 1985 potius,
468 1899 495 1962 si
510 1898 599 1963 basia
612 1898 775 1981 iungimus
790 1896 869 1974 ensi,

207 2003 407 2087 Ardentiqve
421 2002 521 2086 magis
537 1999 631 2065 corde
644 2000 787 2085 perimus
802 2021 940 2084 cqvum;

163 2163 318 2228 Attamen
333 2175 367 2228 et
381 2164 442 2228 tibi
457 2186 490 2228 se
506 2186 576 2226 mea
590 2162 657 2226 vita
670 2161 854 2246 probaverit
868 2159 949 2247 ipsi3

206 2266 276 2330 Nec
290 2266 371 2330 nihil
386 2266 463 2331 haec
478 2265 590 2330 levitas
606 2287 668 2350 qvo
683 2264 815 2349 capiaris
829 2265 946 2342 habet3

162 2367 248 2433 Nam
263 2379 310 2446 tu,
327 2369 420 2433 crede
435 2368 526 2447 mihi,
541 2390 606 2431 non
621 2379 688 2431 tam
703 2367 820 2431 dilecta
833 2367 957 2446 fuisses,

205 2471 251 2536 Ni
266 2472 327 2537 tibi
342 2473 517 2537 decressem
530 2470 751 2556 praeposuisse
767 2469 873 2535 decus.

976 2570 1011 2628 G.
1026 2570 1053 2628 J.
1069 2570 1105 2628 K

559 2796 763 2897 Anugallr'r.

206 2968 305 3034 lstam
319 2978 398 3034 tune
412 2966 500 3032 vides
514 2966 716 3052 anagallida?
749 2965 825 3029 Non
840 2965 886 3028 ita
899 2965 1025 3051 pridem

247 3071 328 3138 Visa
340 3071 406 3135 fuit
419 3069 562 3135 medium
577 3069 651 3133 solis
666 3091 771 3132 amare
785 3068 879 3132 iubar

204 3175 374 3262 Purpureo
388 3174 495 3238 ridens
509 3173 614 3236 fastu:
639 3194 725 3235 nunc
740 3171 862 3234 lumina
878 3170 999 3235 claudit

248 3277 376 3356 Tristia,
392 3299 451 3341 nec
466 3275 594 3340 dulcem
609 3285 743 3359 spectat,
760 3286 799 3337 ut
812 3284 898 3352 ante,
914 3273 1009 3338 diem.

204 3380 365 3445 Adstabat
379 3379 601 3463 monitumqve
615 3376 693 3461 vigil
707 3375 876 3462 perspexit
892 3376 1068 3461 Amyntus3

248 3483 408 3547 Protenus
424 3493 564 3565 agrestes
578 3489 732 3543 convocat
745 3479 815 3565 ipse
829 3500 954 3542 manus.
985 3543 987 3548 ,

204 3585 336 3663 Audin',
353 3583 480 3647 iamiam
495 3582 618 3647 abeunt
632 3603 708 3666 agro
723 3581 893 3645 stridentia
907 3580 1067 3667 plaustra:

246 3688 310 3765 En,
327 3687 382 3765 ait,
400 3685 522 3750 Auster
535 3684 643 3762 adest3
667 3706 708 3747 en
722 3683 803 3748 furit
817 3684 895 3747 hora
908 3683 1059 3747 minis.—

204 3791 295 3856 Num
309 3791 404 3854 flores
418 3789 513 3866 inter,
531 3810 609 3872 qvos
622 3787 726 3871 pascit
740 3787 832 3850 deria
846 3787 922 3865 vita,

248 3894 337 3958 Huic
351 3893 461 3957 nullus
475 3891 571 3955 simili
586 3891 770 3957 conditione
785 3891 895 3976 viget?

203 3996 294 4061 Dum
308 3996 431 4081 loqvor,
446 3994 548 4059 aversi
564 3992 692 4058 vultum
707 4016 772 4057 non
789 3993 892 4057 cernis
906 3992 1023 4056 aurici?

246 4100 336 4164 Luce
351 4109 459 4164 carent
473 4096 569 4178 oculi,
584 4097 712 4162 risubus
727 4120 782 4161 ora
796 4108 914 4161 carent.

204 4205 281 4268 Sors
294 4204 425 4267 adversa
438 4203 546 4266 veuit:
572 4213 607 4265 tu
624 4203 749 4265 cessas?
785 4201 803 4264 Ι
818 4200 905 4284 fuge,
923 4211 1041 4277 tecum,

247 4306 335 4374 Qvid
349 4306 432 4370 ferat
444 4303 603 4384 infaustis,
620 4302 762 4382 consule,
776 4302 874 4366 rebus
887 4325 991 4389 opem.

1067 4402 1104 4457 K.

654 4521 674 4564 E
