2842 5078
547 367 731 418 SABRINAE
750 365 926 416 COROLLA.

365 533 471 597 Audit
484 554 615 596 corusco
630 530 670 594 de
684 529 764 594 solio
780 529 868 595 Iovis

366 635 509 701 Bellator
523 633 606 712 ales;
630 655 709 696 mox
720 633 831 718 piceus
845 655 942 717 sopor

430 736 613 821 Compeecit
627 734 749 799 alarum
764 735 922 819 fragorem
936 745 970 798 et

495 837 681 903 Fulmineos
696 836 782 900 oculi
797 836 930 900 minacis

367 1077 487 1143 Condit
501 1077 636 1142 furores.
682 1076 729 1140 Te
744 1076 887 1162 seqnitur
902 1076 1038 1154 Chorus,

368 1181 552 1265 Utcumqve
567 1178 657 1243 molli
671 1179 705 1242 in
719 1181 862 1264 gramine
877 1181 1034 1244 coetubus

432 1282 592 1347 Baccheta
606 1305 664 1368 per
676 1293 805 1347 noctem
819 1283 975 1367 protervis

497 1384 615 1450 Idalias
630 1385 791 1469 Cytherea
804 1385 960 1471 nymphas

369 1622 500 1687 Iunctae
513 1620 659 1706 gemellis
674 1621 763 1686 ducit
778 1622 971 1686 Amoribus:

369 1726 524 1790 Praesens
539 1724 699 1810 Voluptas
714 1735 747 1788 et
761 1747 870 1788 roseus
885 1723 996 1788 Pudor

431 1826 479 1890 Et
492 1825 577 1889 laete
591 1825 759 1889 Ludorum
774 1836 908 1904 caterva,

497 1929 672 2013 Virgineae
687 1929 819 1993 comites
834 1930 977 2008 choreae,

369 2166 466 2230 Nunc
481 2165 625 2229 involuto
641 2188 704 2229 non
720 2166 819 2230 semel
834 2167 945 2231 ordine

368 2269 499 2333 Terram
514 2269 663 2332 trementi
678 2269 866 2333 concutiunt
879 2269 980 2355 pede3

433 2371 530 2434 Nunc
546 2393 686 2454 qvaeqve
702 2372 847 2434 certatim
861 2371 981 2434 volanti

497 2472 664 2556 Qvamqve
679 2472 764 2556 fugit
778 2473 981 2558 seqniturqve
996 2473 1116 2559 planta.

369 2708 434 2772 Sed
449 2707 547 2771 Musa
561 2708 673 2772 molles
688 2710 823 2773 solvitur
836 2710 870 2773 in
884 2710 1014 2773 modos:

367 2811 421 2874 En
435 2810 505 2893 ipsa
518 2811 612 2874 nexis
627 2833 692 2874 non
707 2812 774 2875 sine
791 2813 914 2876 Gratiis

430 2912 559 2996 Regina
572 2914 734 2996 procedit:
758 2915 906 2978 decentes

497 3015 551 3078 Ad
566 3037 736 3078 numerum
751 3017 880 3080 fluitant
893 3016 1001 3080 lacerti

369 3252 515 3317 Sublime
530 3252 564 3315 in
578 3275 689 3318 auras:
715 3277 754 3316 en
769 3254 856 3318 facili
870 3255 954 3318 viem

368 3354 549 3438 Spectanda
563 3354 655 3438 lapsu
670 3356 825 3439 conripit;
851 3380 889 3419 en
905 3380 1004 3439 genae

433 3455 568 3519 Peliacis
583 3457 794 3540 undantisqve
809 3458 882 3521 colli

496 3559 680 3642 Purpureos
696 3560 798 3623 Amor
813 3572 910 3644 auget
923 3561 1020 3644 ignes.

854 3684 888 3739 E.
903 3683 941 3741 H.
958 3684 987 3741 C.
1004 3690 1050 3753 (ec
1064 3684 1184 3763 GnA10.)
