2834 5340
534 855 717 905 SABRINAE
735 853 909 904 COROLLA.

588 1126 698 1199 Meus
704 1125 844 1222 ferrea.

221 1312 305 1375 Fons
319 1323 353 1376 et
368 1335 477 1377 caussa
490 1312 565 1390 mei,
583 1312 644 1390 dic,
661 1335 751 1375 mens
767 1334 848 1389 mea,
867 1311 942 1396 qvid
957 1312 998 1375 sit
1014 1311 1149 1375 amoris:

264 1416 324 1481 Ille
340 1416 431 1481 Neae
445 1439 536 1479 roseo
551 1438 667 1479 vernus
681 1416 716 1478 in
731 1438 785 1478 ore
801 1415 905 1493 color;

221 1518 337 1582 Mollia
350 1519 462 1582 curalii
476 1519 637 1582 vincentia
650 1519 740 1582 labra
754 1518 915 1595 ruborem,

264 1621 404 1685 Lumina
418 1621 558 1705 crystalli
573 1621 790 1705 splendidiora
804 1620 884 1685 face.

221 1723 284 1788 Dic
299 1725 396 1788 etiam
412 1724 491 1788 tanti
507 1747 586 1810 qvae
601 1725 643 1788 sit
657 1724 737 1787 mihi
753 1746 862 1787 caussa
877 1724 1013 1788 doloris:

264 1827 360 1891 Mens
374 1827 476 1912 rigida
490 1827 576 1890 saxis
590 1828 716 1891 aemula
731 1827 859 1891 duritie.

222 1929 283 1994 Illa
297 1929 486 2015 pudicitiam
500 1940 658 1993 monstrat
670 1952 742 1993 rosa
756 1952 853 1992 verna
867 1951 1040 2012 genarum

265 2034 415 2119 Aptaque
429 2043 504 2096 sunt
517 2034 635 2096 teneris
649 2033 758 2096 mollia
773 2033 870 2096 verba
884 2033 999 2097 labris:

222 2136 378 2200 Provocat
391 2135 447 2199 ille
462 2135 547 2199 oculi
562 2135 764 2220 crystallinus
779 2135 872 2199 ardor
887 2158 1045 2214 amorem3

265 2238 339 2324 Ipse
355 2238 535 2323 Cupidineo
550 2238 672 2302 scilicet
685 2239 760 2321 igne
775 2237 867 2303 calet.

223 2340 287 2404 Sed
302 2341 392 2418 mihi,
410 2341 561 2426 qvidqvid
576 2341 623 2403 ibi
637 2341 743 2425 pulcri
759 2351 817 2419 est,
835 2341 933 2404 habet
948 2363 1042 2404 omne
1058 2341 1212 2420 dolorem,

266 2445 372 2512 Quom
386 2454 492 2508 taceat
506 2444 624 2507 mentis
638 2466 736 2507 saxea
751 2444 895 2508 durities.

224 2548 290 2611 Cur
303 2547 393 2625 mihi,
410 2569 491 2625 cara,
508 2547 557 2609 tui
573 2558 638 2609 tam
653 2569 748 2610 suave
763 2546 940 2631 loquuntur
955 2545 1059 2625 ocelli,

265 2651 432 2735 Labraqve
447 2649 611 2713 blanditiis
624 2650 730 2735 plena,
745 2672 908 2735 genaeque
924 2650 1042 2729 rubor;

223 2755 293 2820 Nec
308 2766 416 2818 tamen
431 2765 480 2818 est
493 2754 527 2817 in
543 2764 575 2816 te
589 2753 690 2817 nostri
705 2753 865 2817 medicina
880 2752 1023 2817 doloris?

267 2856 443 2943 Splendida
456 2855 540 2942 proh
554 2855 690 2918 nimium
706 2855 791 2918 dona
804 2877 941 2932 resume,
958 2855 1071 2919 Venus
1083 2881 1091 2932 3

224 2961 458 3045 Materiamqve
472 2959 537 3022 mei
550 2957 657 3021 luctus
672 2957 723 3021 vel
738 2957 815 3021 tolle
830 2957 988 3034 decorem,

267 3063 330 3130 Vel
344 3087 408 3143 cor,
425 3063 517 3149 qvale
531 3085 639 3126 meum
654 3072 713 3140 est,
730 3062 771 3125 da
787 3084 911 3146 qvoqve
927 3060 990 3125 tale
1007 3059 1109 3125 Noae.

1131 3164 1168 3220 K.

669 3621 779 3694 Anus.

270 3812 366 3879 Vixit
380 3832 459 3874 anus
475 3807 640 3895 quaedam,
657 3808 710 3872 cui
726 3820 790 3872 tres
806 3806 902 3870 modo
917 3805 976 3869 filii
992 3806 1093 3884 fuere,

312 3914 475 3977 Martinus
490 3922 524 3975 et
539 3911 706 3974 Macrinus
721 3922 755 3974 ct
770 3910 926 3975 Macoma.

269 4017 431 4080 Martinus
444 4014 543 4100 periit
557 4013 644 4098 turpi
660 4035 763 4091 cruce,
780 4013 944 4076 fluctubus
960 4011 1135 4090 Macrinus,

312 4119 460 4182 Amissus
475 4129 523 4182 est
538 4117 686 4181 Macerra
699 4140 757 4180 nec
772 4128 929 4201 repertus.

271 4222 325 4286 Sic
340 4220 518 4300 abolentur,
535 4244 615 4284 anus
630 4221 684 4305 qvi
700 4232 763 4285 tres
779 4221 875 4283 modo
890 4220 950 4282 filii
965 4219 1066 4301 fuere,

313 4325 475 4390 Martinus
490 4336 523 4387 ct
538 4324 703 4388 Macrinus
718 4334 752 4387 et
767 4322 923 4386 Macerra.
