2834 5340
492 853 675 903 SABRINAE
693 853 868 902 COROLLA.

480 1116 566 1188 Solo
583 1116 618 1188 ia
637 1115 740 1188 litore
757 1139 880 1188 secum.

223 1314 253 1380 Ο
268 1315 335 1395 ubi,
353 1338 431 1401 qvos
445 1316 587 1382 celebrat
601 1318 683 1381 felix
697 1318 867 1397 vindemia,
884 1328 1007 1396 cantus,

266 1419 331 1486 Qvi
345 1443 403 1505 per
417 1443 508 1505 agros
522 1422 599 1485 laeti
614 1444 735 1507 perqve
749 1434 906 1506 vagantur
920 1423 1041 1508 aqvas?

224 1519 254 1585 Ο
269 1521 326 1585 ubi
341 1522 497 1588 ruricolae
511 1525 654 1606 gaudent
668 1525 810 1588 titubare
825 1524 958 1603 choreis,

267 1622 442 1689 Libertatis
456 1648 563 1690 amans
577 1625 781 1711 laetitiaeque
796 1626 931 1691 cohors?

224 1725 449 1813 Caeruleisqve
464 1727 565 1793 almae
581 1728 737 1793 radiantia
751 1729 879 1793 risubns
894 1752 991 1794 aurae

269 1829 299 1892 0
314 1830 371 1894 ubi
386 1833 512 1896 nativae
527 1843 613 1896 stant
627 1832 707 1896 mihi
723 1843 808 1896 tecta
823 1832 961 1897 domus?

224 1931 279 1994 Ah
292 1932 387 1997 nimis
401 1934 457 1998 illa
470 1935 549 1998 mihi
564 1935 675 2020 spatiis
690 1934 841 1998 distantia
854 1935 959 2020 longis

268 2034 398 2100 Invidet
410 2037 591 2102 inmensum
607 2037 818 2123 dissociatqve
833 2037 962 2103 fretum.

226 2256 256 2322 Ο
271 2257 329 2323 ubi
342 2257 490 2324 melliflui
504 2261 602 2346 myrti
615 2260 771 2326 labuntur
785 2261 908 2338 odores,

270 2361 394 2446 Perqve
409 2385 500 2427 cavas
513 2363 610 2427 valles
623 2373 776 2448 prataqve
792 2363 876 2427 laeta
889 2371 1007 2441 ruunt3

225 2463 352 2548 Vesper
366 2465 423 2529 ubi
438 2476 576 2545 revocat,
594 2467 728 2531 Phoebo
743 2466 900 2551 fugiente,
915 2464 1112 2551 palumbem,

269 2566 315 2629 Et
329 2578 439 2632 monet
453 2568 621 2633 arboreum
636 2590 746 2632 rursus
761 2568 848 2632 adire
862 2568 984 2632 laremf

227 2666 257 2732 Ο
272 2668 329 2732 ubi
343 2669 482 2733 natalem
497 2670 656 2754 tingentia
668 2670 808 2735 suaviter
822 2669 942 2734 undam

269 2771 452 2837 Frondibus
465 2773 500 2836 in
512 2774 651 2859 propriis
666 2797 761 2838 aurea
775 2797 872 2858 poma
885 2773 1015 2837 nitentf

227 2872 282 2937 Ah
295 2873 391 2939 nimis
404 2874 460 2939 illa
473 2876 552 2939 mihi
567 2877 679 2961 spatiis
695 2877 846 2941 distantia
860 2877 964 2960 longis

270 2976 398 3041 Invidet
410 2978 592 3042 inmensum
607 2978 820 3064 dissociatque
833 2979 963 3044 fretum.

226 3179 256 3245 Ο
271 3181 328 3245 ubi
342 3182 529 3268 langventes
543 3185 629 3249 oculi
645 3184 831 3270 defessaqve
845 3183 949 3269 longis

271 3283 329 3348 Me
344 3285 507 3351 desideriis
521 3299 652 3374 pectora
667 3310 739 3351 cara
753 3297 894 3365 manent,

227 3387 298 3454 Qva
312 3410 409 3474 super
423 3390 548 3474 exigvis
563 3391 716 3475 adoperta
729 3389 867 3474 mapalia
884 3389 979 3454 tectis

272 3490 414 3556 Suscitat
427 3491 535 3557 iliceas
549 3492 677 3557 mobilis
691 3514 769 3556 aura
783 3493 912 3556 comas?

230 3593 463 3681 Hesperiasqve
478 3618 592 3660 sonans
605 3595 702 3679 longo
718 3617 871 3680 campana
885 3617 943 3680 per
956 3617 1049 3659 auras

271 3697 441 3762 Murmure
456 3698 560 3762 adhuc
575 3721 698 3762 sacrum
714 3708 841 3783 tempus
857 3699 966 3762 adesse
981 3699 1114 3762 monetf

229 3797 284 3862 Ah
296 3800 394 3864 nimis
406 3800 462 3864 illa
476 3801 555 3865 mihi
570 3802 681 3887 spatiis
696 3801 846 3865 distantia
861 3801 966 3885 longis

271 3901 401 3966 Invidet
414 3903 594 3967 inmensum
609 3903 821 3989 dissociatque
836 3903 966 3970 fretum.

228 4105 357 4172 Ducere
371 4130 413 4172 ne
428 4119 529 4174 cesset
543 4109 664 4174 laetum
679 4110 840 4174 vindemia
854 4110 987 4174 ludum:

274 4209 406 4275 Nectite
420 4233 569 4297 paganos²
585 4213 687 4277 libera
702 4214 806 4292 turba,
824 4213 946 4279 choros.

229 4311 342 4377 Undet
355 4315 459 4380 adhuc
473 4317 556 4380 felix
569 4316 720 4380 redivivis
734 4316 903 4381 frondibus
917 4318 1021 4396 arbor,

275 4416 380 4483 Qvam
394 4418 521 4502 genitor
535 4430 634 4497 curat,
653 4441 746 4504 qvam
760 4429 853 4483 vocat
867 4441 967 4504 usqve
982 4442 1081 4486 suam.
