2834 5340
494 854 677 903 SABRINAE
696 853 871 903 COROLLA.

224 1025 329 1088 Indue
344 1022 517 1101 caeruleos,
534 1023 644 1087 aether
658 1020 860 1099 nitidissime,
878 1020 969 1099 risus,

267 1128 313 1192 Et
327 1128 370 1192 sit
383 1127 488 1191 adhuc
503 1126 606 1204 vultu,
625 1148 686 1210 qvo
701 1125 766 1188 fuit
781 1135 866 1201 ante,
882 1122 977 1208 polus
991 1151 998 1201 ;

223 1231 341 1295 Vester
354 1254 412 1314 ego
428 1229 570 1315 qvamvis
585 1239 708 1292 vestroe
723 1227 902 1291 dulcedinis
917 1250 1028 1291 exsors

267 1335 452 1421 Conqveror
467 1333 600 1399 obiectis
615 1332 833 1416 inmoriorque
848 1329 950 1394 fretis.

1038 1435 1069 1492 F.
1086 1435 1125 1491 M.

571 1580 786 1588 ——u-

482 1772 722 1870 Exspectotor
740 1771 883 1845 Amans.

183 1961 254 2026 Hos
268 1982 381 2046 precor
394 1959 552 2024 infaustos
566 1981 729 2044 nunqvam
742 1958 835 2023 cadat
848 1958 951 2022 imber
964 1958 998 2021 in
1013 1981 1114 2041 agros,

225 2064 296 2129 Nee
311 2073 437 2127 teneros
452 2062 547 2127 flores
561 2062 706 2126 roscidus
719 2062 837 2126 humor
851 2061 933 2125 alat:

182 2166 330 2251 Namqve
345 2188 434 2230 amor
448 2165 581 2249 indigna
595 2187 686 2229 meus
702 2175 750 2230 est
764 2164 817 2229 hic
831 2173 934 2227 morte
949 2174 1122 2248 peremtus,

225 2269 291 2334 Hie
307 2267 434 2345 cecidit,
451 2276 603 2352 tanqvam
614 2288 679 2330 non
694 2288 784 2330 meus
800 2276 883 2330 esset
897 2287 997 2330 amor.

182 2476 232 2540 Ut
244 2474 328 2539 male
343 2497 414 2538 sum
428 2472 556 2552 laetata,
573 2474 624 2537 die
639 2484 831 2559 properante
846 2471 992 2536 sinistro!

226 2577 275 2642 Ut
290 2576 401 2655 cecini,
418 2576 560 2639 numeris
575 2575 786 2660 adsonuitqve
801 2577 933 2638 nemus!

184 2683 249 2746 Sed
263 2704 332 2745 nox
347 2680 488 2743 multum
503 2680 623 2757 aberat,
639 2701 840 2764 puerumqve
855 2677 995 2741 volatilis
1009 2677 1100 2741 hasta

227 2784 409 2861 Straverat3
434 2792 468 2845 et
481 2781 572 2845 luctu
587 2803 690 2844 mersa
704 2779 868 2866 relinqvor
883 2802 953 2865 ego.

184 2991 247 3055 Ast
261 2990 357 3074 agite,
375 2988 405 3052 0
421 2988 563 3065 comites,
579 2986 738 3071 genialem
753 2988 886 3051 sternite
900 2987 1041 3064 lectum3

228 3094 378 3159 Membra
394 3092 571 3156 maritalem
586 3090 720 3155 sindona
734 3091 795 3154 rite
809 3101 967 3176 premant.

184 3196 347 3261 Festinate
362 3196 447 3259 fores
461 3193 594 3259 thalami
607 3216 758 3272 reserare,
774 3194 920 3279 puellae3

226 3299 444 3384 Exspectatus
458 3298 558 3376 adest,
574 3297 775 3382 ingrediatur
790 3320 907 3361 amans.

185 3507 266 3575 Qvis
280 3516 387 3569 tamen
401 3516 450 3569 est
464 3505 517 3569 hic
532 3528 678 3591 sponsus,
694 3505 747 3569 hic
762 3515 968 3590 exspectatus
982 3511 1128 3571 ametsr?

228 3608 335 3673 Fallor
349 3631 391 3672 an
406 3608 506 3672 effusa
520 3609 655 3672 dextera
670 3609 765 3673 caede
779 3607 911 3672 madet?

186 3713 277 3779 Qvae
293 3711 390 3775 simul
405 3709 560 3795 exsangvi
574 3712 670 3775 iuxta
684 3712 772 3775 venit
787 3711 901 3775 umbra
914 3713 1041 3797 figura?

228 3813 319 3879 Palla
332 3814 477 3878 humeris
491 3815 585 3879 nivea
600 3824 659 3893 est,
675 3826 745 3879 ater
758 3814 793 3878 in
808 3837 863 3879 ore
878 3837 982 3880 cruor.

186 4019 310 4083 Palleat
324 4019 365 4083 ah
382 4020 534 4104 qvamvis
551 4019 615 4083 hnc
631 4042 686 4082 vos
701 4020 852 4105 deponite
869 4042 1003 4105 corpus;

229 4122 414 4187 Sustineam
429 4123 512 4186 collo
526 4122 645 4208 frigida
660 4123 741 4186 colla
754 4145 844 4187 meo:

185 4225 306 4309 Meqve
321 4249 394 4289 meo
410 4226 506 4289 simul
522 4237 637 4289 ornatu
653 4225 789 4311 spoliate
804 4226 922 4310 iugali3

229 4328 330 4391 Laeta
343 4350 457 4413 parum
472 4328 560 4392 frons
576 4338 643 4405 est3
666 4327 747 4391 hanc
763 4337 851 4410 teget
865 4339 940 4412 apta
954 4330 1046 4393 salix.

944 4432 981 4488 ll.
996 4433 1032 4489 Α.
1048 4434 1075 4488 d.
1092 4434 1131 4490 M.
