2834 5340
497 890 680 942 SABRINAE
699 891 874 940 COROLLA.
1142 889 1189 940 172

565 1347 795 1447 Deprecatio.

223 1535 331 1599 Aufer
344 1536 419 1602 hinc
432 1538 547 1624 procul
561 1539 622 1604 ista
638 1550 702 1603 tam
718 1538 812 1603 dulce
827 1538 950 1624 perfida
963 1539 1071 1605 labra:

226 1637 331 1703 Aufer
344 1639 419 1705 hinc
435 1641 544 1704 oculos
559 1641 682 1725 procul,
699 1641 775 1705 solis
788 1641 888 1705 instar
903 1641 1020 1720 oborti,

225 1738 315 1804 Luce
331 1743 383 1826 qvi
398 1753 553 1828 poterunt
567 1765 624 1807 sua
638 1765 732 1807 mane
746 1742 858 1807 ludere
872 1742 1034 1828 primum:

225 1841 273 1906 At
287 1844 371 1909 refer
387 1845 465 1909 mihi
480 1846 568 1910 basia
581 1845 647 1912 heu
662 1845 751 1930 signa
764 1868 830 1909 non
844 1855 914 1909 rata
928 1843 1053 1911 amoris.

225 2079 335 2146 Cende
349 2093 479 2168 pectore
495 2083 549 2168 qvi
563 2106 670 2168 super,
688 2083 790 2147 conde
803 2083 854 2162 sis,
871 2082 998 2168 glaciali

225 2182 373 2249 Vertices
388 2187 474 2250 nivei
489 2197 626 2265 tument,
643 2207 768 2249 summa
783 2207 861 2270 qvae
875 2187 951 2270 iuga
965 2185 1060 2251 flores

223 2285 375 2352 Educant
387 2312 495 2354 roseos
510 2288 626 2374 qvibus
640 2311 674 2353 se
690 2299 822 2353 coronat
836 2288 978 2374 Aprilisz

225 2387 315 2454 Haec
331 2401 438 2457 tamen
452 2392 541 2478 prius
556 2392 670 2477 algidis
684 2391 771 2456 solve
787 2392 883 2457 corda
897 2391 1027 2457 catenis.

1044 2508 1124 2569 R&

497 3306 688 3407 Inscriptio
708 3309 868 3384 Phaseli.

222 3490 271 3555 At
286 3490 401 3570 tenuis,
417 3501 557 3570 narrant,
574 3501 609 3556 at
619 3514 693 3557 eum
708 3491 791 3558 male
805 3492 898 3557 firma
912 3491 1035 3570 carina

264 3592 313 3657 At
326 3592 430 3658 rabidi
443 3616 567 3678 neqveo
582 3595 714 3660 verbera
727 3594 812 3659 ferre
827 3592 896 3661 sali.

220 3696 291 3761 sim
305 3696 421 3775 tenuis,
437 3697 497 3760 sim
512 3696 604 3760 firma
617 3719 751 3782 parum:
775 3707 883 3761 tamen
897 3694 1000 3761 omnis
1012 3694 1048 3760 in
1062 3694 1128 3760 alto

264 3800 478 3885 Naufragium
494 3799 599 3864 Borea
613 3800 711 3865 flante
725 3800 832 3865 carina
844 3800 934 3865 fecit.

220 4037 307 4102 Tum
318 4059 378 4102 nec
392 4060 507 4123 magna
520 4047 611 4104 tenet
625 4038 735 4118 moles,
751 4062 810 4104 nec
826 4060 964 4125 qvemea
977 4045 1125 4114 transtra,

266 4139 331 4203 Sed
344 4139 476 4204 fortuna
488 4140 599 4205 favens
613 4152 648 4204 et
661 4163 720 4206 sua
734 4142 810 4220 fata,
827 4151 940 4206 ratem.

220 4243 336 4307 Cetera
350 4242 491 4307 confidat
504 4242 596 4307 malis
610 4244 768 4329 remisqve
783 4255 927 4321 caterva;

263 4344 422 4409 Tutantes
436 4345 543 4410 adsint
557 4344 602 4410 dii
616 4345 714 4412 mihi:
739 4368 847 4433 sospes
861 4367 926 4412 ero.

1081 4443 1121 4503 K.
