<?xml version="1.0" encoding="UTF-8"?>
<!DOCTYPE html PUBLIC "-//W3C//DTD XHTML 1.0 Transitional//EN"
    "http://www.w3.org/TR/xhtml1/DTD/xhtml1-transitional.dtd">
<html xmlns="http://www.w3.org/1999/xhtml" xml:lang="en" lang="en">
 <head>
  <title>
</title>
<meta http-equiv="Content-Type" content="text/html;charset=utf-8" />
  <meta name='ocr-system' content='tesseract 3.04.00' />
  <meta name='ocr-capabilities' content='ocr_page ocr_carea ocr_par ocr_line ocrx_word'/>
</head>
<body>
  <div class='ocr_page' id='page_1' title='image "./sabrinaecorolla00enggoog_0226.png"; bbox 0 0 2834 5340; ppageno 0'>
   <div class='ocr_carea' id='block_1_1' title="bbox 487 842 1176 894">
    <p class='ocr_par' dir='ltr' id='par_1_1' title="bbox 487 842 1176 894">
     <span class='ocr_line' id='line_1_1' title="bbox 487 842 1176 894; baseline 0.004 -3"><span class='ocrx_word' id='word_1_1' title='bbox 487 842 669 892; x_wconf 84' lang='lat' dir='ltr'><strong>SABRINAE</strong></span> <span class='ocrx_word' id='word_1_2' title='bbox 689 843 864 894; x_wconf 85' lang='lat' dir='ltr'><strong>COROLLA.</strong></span> <span class='ocrx_word' id='word_1_3' title='bbox 1129 845 1176 894; x_wconf 73' lang='lat'><strong>195</strong></span> 
     </span>
    </p>
   </div>
   <div class='ocr_carea' id='block_1_2' title="bbox 572 1210 765 1285">
    <p class='ocr_par' dir='ltr' id='par_1_2' title="bbox 572 1210 765 1285">
     <span class='ocr_line' id='line_1_2' title="bbox 572 1210 765 1285; baseline 0 -2"><span class='ocrx_word' id='word_1_4' title='bbox 572 1210 765 1285; x_wconf 78' lang='lat' dir='ltr'><em>Mulciber.</em></span> 
     </span>
    </p>
   </div>
   <div class='ocr_carea' id='block_1_3' title="bbox 169 1393 1152 4358">
    <p class='ocr_par' dir='ltr' id='par_1_3' title="bbox 216 1393 1081 1585">
     <span class='ocr_line' id='line_1_3' title="bbox 216 1393 1081 1482; baseline 0 -24"><span class='ocrx_word' id='word_1_5' title='bbox 216 1393 390 1481; x_wconf 88' lang='lat' dir='ltr'><strong>Postqvam</strong></span> <span class='ocrx_word' id='word_1_6' title='bbox 403 1416 546 1461; x_wconf 88' lang='lat' dir='ltr'><strong>summus</strong></span> <span class='ocrx_word' id='word_1_7' title='bbox 561 1420 647 1482; x_wconf 85' lang='lat' dir='ltr'>apex</span> <span class='ocrx_word' id='word_1_8' title='bbox 662 1397 739 1461; x_wconf 93' lang='lat' dir='ltr'><strong>moli</strong></span> <span class='ocrx_word' id='word_1_9' title='bbox 753 1395 985 1482; x_wconf 91' lang='lat' dir='ltr'><strong>superadstitit,</strong></span> <span class='ocrx_word' id='word_1_10' title='bbox 1002 1394 1081 1459; x_wconf 85' lang='lat' dir='ltr'><strong>exin</strong></span> 
     </span>
     <span class='ocr_line' id='line_1_4' title="bbox 217 1497 951 1585; baseline 0.004 -25"><span class='ocrx_word' id='word_1_11' title='bbox 217 1497 369 1561; x_wconf 89' lang='lat' dir='ltr'><strong>Dissiluit</strong></span> <span class='ocrx_word' id='word_1_12' title='bbox 384 1497 482 1563; x_wconf 88' lang='lat' dir='ltr'><strong>valvis</strong></span> <span class='ocrx_word' id='word_1_13' title='bbox 498 1500 720 1585; x_wconf 84' lang='lat' dir='ltr'><strong>bipatentibus</strong></span> <span class='ocrx_word' id='word_1_14' title='bbox 735 1523 827 1563; x_wconf 88' lang='lat' dir='ltr'><strong>aerea</strong></span> <span class='ocrx_word' id='word_1_15' title='bbox 840 1510 951 1584; x_wconf 85' lang='lat' dir='ltr'><strong>porta:</strong></span> 
     </span>
    </p>

    <p class='ocr_par' dir='ltr' id='par_1_4' title="bbox 169 1592 1045 1791">
     <span class='ocr_line' id='line_1_5' title="bbox 169 1592 1045 1688; baseline 0.002 -25"><span class='ocrx_word' id='word_1_16' title='bbox 169 1592 172 1597; x_wconf 45' lang='lat'>¹</span> <span class='ocrx_word' id='word_1_17' title='bbox 216 1599 362 1686; x_wconf 84' lang='lat' dir='ltr'><strong>Apparet</strong></span> <span class='ocrx_word' id='word_1_18' title='bbox 379 1602 492 1665; x_wconf 90' lang='lat' dir='ltr'><strong>domus</strong></span> <span class='ocrx_word' id='word_1_19' title='bbox 507 1603 604 1681; x_wconf 87' lang='lat' dir='ltr'><strong>intus,</strong></span> <span class='ocrx_word' id='word_1_20' title='bbox 622 1613 655 1667; x_wconf 94' lang='lat' dir='ltr'><strong>et</strong></span> <span class='ocrx_word' id='word_1_21' title='bbox 669 1604 751 1667; x_wconf 89' lang='lat' dir='ltr'><strong>atria</strong></span> <span class='ocrx_word' id='word_1_22' title='bbox 765 1603 861 1687; x_wconf 85' lang='lat' dir='ltr'><strong>longa</strong></span> <span class='ocrx_word' id='word_1_23' title='bbox 874 1611 1045 1688; x_wconf 90' lang='lat' dir='ltr'><strong>patescunt</strong></span> 
     </span>
     <span class='ocr_line' id='line_1_6' title="bbox 217 1702 974 1791; baseline 0.001 -24"><span class='ocrx_word' id='word_1_24' title='bbox 217 1702 409 1789; x_wconf 85' lang='lat' dir='ltr'><strong>Instratiqve</strong></span> <span class='ocrx_word' id='word_1_25' title='bbox 426 1705 493 1769; x_wconf 93' lang='lat' dir='ltr'><strong>solo</strong></span> <span class='ocrx_word' id='word_1_26' title='bbox 508 1704 648 1790; x_wconf 88' lang='lat' dir='ltr'><strong>lapides:</strong></span> <span class='ocrx_word' id='word_1_27' title='bbox 673 1705 876 1791; x_wconf 78' lang='lat' dir='ltr'><strong>laquearibus</strong></span> <span class='ocrx_word' id='word_1_28' title='bbox 890 1705 974 1782; x_wconf 92' lang='lat' dir='ltr'><strong>altis,</strong></span> 
     </span>
    </p>

    <p class='ocr_par' dir='ltr' id='par_1_5' title="bbox 215 1806 1152 2512">
     <span class='ocr_line' id='line_1_7' title="bbox 215 1806 1011 1894; baseline 0.003 -26"><span class='ocrx_word' id='word_1_29' title='bbox 215 1806 306 1870; x_wconf 89' lang='lat' dir='ltr'><strong>Artis</strong></span> <span class='ocrx_word' id='word_1_30' title='bbox 321 1830 401 1893; x_wconf 91' lang='lat' dir='ltr'><strong>opus</strong></span> <span class='ocrx_word' id='word_1_31' title='bbox 415 1808 566 1893; x_wconf 85' lang='lat' dir='ltr'><strong>magicae,</strong></span> <span class='ocrx_word' id='word_1_32' title='bbox 584 1810 768 1894; x_wconf 90' lang='lat' dir='ltr'><strong>dependent</strong></span> <span class='ocrx_word' id='word_1_33' title='bbox 781 1809 892 1873; x_wconf 88' lang='lat' dir='ltr'><strong>ordine</strong></span> <span class='ocrx_word' id='word_1_34' title='bbox 907 1807 1011 1871; x_wconf 89' lang='lat' dir='ltr'><strong>multo</strong></span> 
     </span>
     <span class='ocr_line' id='line_1_8' title="bbox 216 1907 1098 1996; baseline 0 -25"><span class='ocrx_word' id='word_1_35' title='bbox 216 1908 355 1973; x_wconf 88' lang='lat' dir='ltr'><strong>Lumina</strong></span> <span class='ocrx_word' id='word_1_36' title='bbox 369 1910 540 1996; x_wconf 81' lang='lat' dir='ltr'><strong>lychniqve</strong></span> <span class='ocrx_word' id='word_1_37' title='bbox 556 1922 589 1975; x_wconf 91' lang='lat' dir='ltr'><strong>et</strong></span> <span class='ocrx_word' id='word_1_38' title='bbox 603 1911 769 1975; x_wconf 90' lang='lat' dir='ltr'><strong>stellarum</strong></span> <span class='ocrx_word' id='word_1_39' title='bbox 782 1910 960 1975; x_wconf 83' lang='lat' dir='ltr'><strong>imitamina</strong></span> <span class='ocrx_word' id='word_1_40' title='bbox 975 1907 1098 1985; x_wconf 84' lang='lat' dir='ltr'><strong>taedae,</strong></span> 
     </span>
     <span class='ocr_line' id='line_1_9' title="bbox 216 2011 1101 2099; baseline -0.005 -21"><span class='ocrx_word' id='word_1_41' title='bbox 216 2011 306 2078; x_wconf 75' lang='lat' dir='ltr'><strong>Quae</strong></span> <span class='ocrx_word' id='word_1_42' title='bbox 322 2012 412 2096; x_wconf 90' lang='lat' dir='ltr'><strong>piceo</strong></span> <span class='ocrx_word' id='word_1_43' title='bbox 428 2014 565 2098; x_wconf 86' lang='lat' dir='ltr'><strong>asphalti</strong></span> <span class='ocrx_word' id='word_1_44' title='bbox 581 2015 803 2099; x_wconf 90' lang='lat' dir='ltr'><strong>naphthaeqve</strong></span> <span class='ocrx_word' id='word_1_45' title='bbox 818 2013 978 2077; x_wconf 85' lang='lat' dir='ltr'><strong>bitumine</strong></span> <span class='ocrx_word' id='word_1_46' title='bbox 991 2023 1101 2098; x_wconf 84' lang='lat' dir='ltr'><strong>pastae</strong></span> 
     </span>
     <span class='ocr_line' id='line_1_10' title="bbox 216 2113 1152 2202; baseline 0 -25"><span class='ocrx_word' id='word_1_47' title='bbox 216 2113 415 2178; x_wconf 86' lang='lat' dir='ltr'><strong>Diffundunt</strong></span> <span class='ocrx_word' id='word_1_48' title='bbox 428 2117 521 2180; x_wconf 91' lang='lat' dir='ltr'><strong>iubar</strong></span> <span class='ocrx_word' id='word_1_49' title='bbox 536 2116 726 2181; x_wconf 89' lang='lat' dir='ltr'><strong>aetherium.</strong></span> <span class='ocrx_word' id='word_1_50' title='bbox 772 2116 907 2202; x_wconf 86' lang='lat' dir='ltr'><strong>Raptim</strong></span> <span class='ocrx_word' id='word_1_51' title='bbox 920 2114 1022 2178; x_wconf 85' lang='lat' dir='ltr'><strong>inruit</strong></span> <span class='ocrx_word' id='word_1_52' title='bbox 1036 2134 1152 2198; x_wconf 87' lang='lat' dir='ltr'><strong>agmen</strong></span> 
     </span>
     <span class='ocr_line' id='line_1_11' title="bbox 216 2216 1066 2306; baseline -0.002 -24"><span class='ocrx_word' id='word_1_53' title='bbox 216 2217 413 2285; x_wconf 90' lang='lat' dir='ltr'><strong>Mirantum:</strong></span> <span class='ocrx_word' id='word_1_54' title='bbox 438 2219 472 2283; x_wconf 92' lang='lat' dir='ltr'><strong>hi</strong></span> <span class='ocrx_word' id='word_1_55' title='bbox 487 2221 608 2284; x_wconf 88' lang='lat' dir='ltr'><strong>tollunt</strong></span> <span class='ocrx_word' id='word_1_56' title='bbox 622 2243 703 2306; x_wconf 93' lang='lat' dir='ltr'><strong>opus</strong></span> <span class='ocrx_word' id='word_1_57' title='bbox 717 2221 824 2305; x_wconf 91' lang='lat' dir='ltr'><strong>ipsum</strong></span> <span class='ocrx_word' id='word_1_58' title='bbox 838 2219 1000 2296; x_wconf 85' lang='lat' dir='ltr'><strong>laudibus,</strong></span> <span class='ocrx_word' id='word_1_59' title='bbox 1017 2216 1066 2281; x_wconf 91' lang='lat' dir='ltr'><strong>illi</strong></span> 
     </span>
     <span class='ocr_line' id='line_1_12' title="bbox 216 2321 1103 2406; baseline 0 -22"><span class='ocrx_word' id='word_1_60' title='bbox 216 2322 394 2388; x_wconf 87' lang='lat' dir='ltr'><strong>Artificem.</strong></span> <span class='ocrx_word' id='word_1_61' title='bbox 440 2324 585 2388; x_wconf 89' lang='lat' dir='ltr'><strong>Artificis</strong></span> <span class='ocrx_word' id='word_1_62' title='bbox 600 2326 746 2388; x_wconf 85' lang='lat' dir='ltr'><strong>dextram</strong></span> <span class='ocrx_word' id='word_1_63' title='bbox 762 2323 906 2388; x_wconf 85' lang='lat' dir='ltr'><strong>confessa</strong></span> <span class='ocrx_word' id='word_1_64' title='bbox 919 2321 1103 2406; x_wconf 86' lang='lat' dir='ltr'><strong>magistram</strong></span> 
     </span>
     <span class='ocr_line' id='line_1_13' title="bbox 219 2424 982 2512; baseline 0.001 -26"><span class='ocrx_word' id='word_1_65' title='bbox 219 2424 356 2488; x_wconf 90' lang='lat' dir='ltr'><strong>Stabant</strong></span> <span class='ocrx_word' id='word_1_66' title='bbox 370 2447 428 2510; x_wconf 86' lang='lat' dir='ltr'><strong>per</strong></span> <span class='ocrx_word' id='word_1_67' title='bbox 442 2425 566 2490; x_wconf 89' lang='lat' dir='ltr'><strong>eaelum</strong></span> <span class='ocrx_word' id='word_1_68' title='bbox 583 2427 697 2492; x_wconf 90' lang='lat' dir='ltr'><strong>turrita</strong></span> <span class='ocrx_word' id='word_1_69' title='bbox 711 2426 832 2512; x_wconf 89' lang='lat' dir='ltr'><strong>palatia</strong></span> <span class='ocrx_word' id='word_1_70' title='bbox 845 2425 982 2511; x_wconf 86' lang='lat' dir='ltr'><strong>passim:</strong></span> 
     </span>
    </p>

    <p class='ocr_par' dir='ltr' id='par_1_6' title="bbox 217 2526 888 2613">
     <span class='ocr_line' id='line_1_14' title="bbox 217 2526 888 2613; baseline 0 -23"><span class='ocrx_word' id='word_1_71' title='bbox 217 2526 288 2590; x_wconf 91' lang='lat' dir='ltr'><strong>Illic</strong></span> <span class='ocrx_word' id='word_1_72' title='bbox 304 2527 337 2589; x_wconf 91' lang='lat' dir='ltr'><strong>in</strong></span> <span class='ocrx_word' id='word_1_73' title='bbox 352 2526 432 2590; x_wconf 92' lang='lat' dir='ltr'><strong>solio</strong></span> <span class='ocrx_word' id='word_1_74' title='bbox 447 2529 581 2613; x_wconf 88' lang='lat' dir='ltr'><strong>sceptris</strong></span> <span class='ocrx_word' id='word_1_75' title='bbox 596 2540 718 2592; x_wconf 89' lang='lat' dir='ltr'><strong>armata</strong></span> <span class='ocrx_word' id='word_1_76' title='bbox 732 2529 888 2592; x_wconf 90' lang='lat' dir='ltr'><strong>sedebant</strong></span> 
     </span>
    </p>

    <p class='ocr_par' dir='ltr' id='par_1_7' title="bbox 217 2628 1103 3233">
     <span class='ocr_line' id='line_1_15' title="bbox 217 2628 1017 2712; baseline 0.003 -22"><span class='ocrx_word' id='word_1_77' title='bbox 217 2628 371 2706; x_wconf 85' lang='lat' dir='ltr'><strong>Numina,</strong></span> <span class='ocrx_word' id='word_1_78' title='bbox 389 2652 550 2693; x_wconf 90' lang='lat' dir='ltr'><strong>sacrorum</strong></span> <span class='ocrx_word' id='word_1_79' title='bbox 564 2632 661 2695; x_wconf 90' lang='lat' dir='ltr'><strong>series</strong></span> <span class='ocrx_word' id='word_1_80' title='bbox 674 2631 878 2694; x_wconf 87' lang='lat' dir='ltr'><strong>nitidissuma</strong></span> <span class='ocrx_word' id='word_1_81' title='bbox 891 2650 1017 2712; x_wconf 81' lang='lat' dir='ltr'><strong>regum,</strong></span> 
     </span>
     <span class='ocr_line' id='line_1_16' title="bbox 217 2730 1103 2819; baseline -0.007 -21"><span class='ocrx_word' id='word_1_82' title='bbox 217 2730 318 2798; x_wconf 82' lang='lat' dir='ltr'><strong>Qveis</strong></span> <span class='ocrx_word' id='word_1_83' title='bbox 332 2753 476 2795; x_wconf 89' lang='lat' dir='ltr'><strong>summus</strong></span> <span class='ocrx_word' id='word_1_84' title='bbox 491 2733 645 2819; x_wconf 88' lang='lat' dir='ltr'><strong>Princeps</strong></span> <span class='ocrx_word' id='word_1_85' title='bbox 659 2755 766 2797; x_wconf 89' lang='lat' dir='ltr'><strong>rerum</strong></span> <span class='ocrx_word' id='word_1_86' title='bbox 780 2731 947 2796; x_wconf 86' lang='lat' dir='ltr'><strong>mandarat</strong></span> <span class='ocrx_word' id='word_1_87' title='bbox 961 2730 1103 2793; x_wconf 89' lang='lat' dir='ltr'><strong>habenas</strong></span> 
     </span>
     <span class='ocr_line' id='line_1_17' title="bbox 217 2832 1059 2921; baseline -0.002 -23"><span class='ocrx_word' id='word_1_88' title='bbox 217 2834 339 2898; x_wconf 85' lang='lat' dir='ltr'><strong>Ordine</strong></span> <span class='ocrx_word' id='word_1_89' title='bbox 355 2836 468 2920; x_wconf 91' lang='lat' dir='ltr'><strong>cuiqve</strong></span> <span class='ocrx_word' id='word_1_90' title='bbox 483 2859 541 2899; x_wconf 90' lang='lat' dir='ltr'><strong>suo</strong></span> <span class='ocrx_word' id='word_1_91' title='bbox 557 2848 702 2902; x_wconf 89' lang='lat' dir='ltr'><strong>tractare.</strong></span> <span class='ocrx_word' id='word_1_92' title='bbox 748 2836 864 2921; x_wconf 89' lang='lat' dir='ltr'><strong>Neqve</strong></span> <span class='ocrx_word' id='word_1_93' title='bbox 878 2833 966 2899; x_wconf 85' lang='lat' dir='ltr'><strong>illius</strong></span> <span class='ocrx_word' id='word_1_94' title='bbox 980 2832 1059 2898; x_wconf 91' lang='lat' dir='ltr'><strong>olim</strong></span> 
     </span>
     <span class='ocr_line' id='line_1_18' title="bbox 217 2937 1023 3018; baseline 0 -18"><span class='ocrx_word' id='word_1_95' title='bbox 217 2938 347 3001; x_wconf 87' lang='lat' dir='ltr'><strong>Nomen</strong></span> <span class='ocrx_word' id='word_1_96' title='bbox 361 2938 543 3003; x_wconf 90' lang='lat' dir='ltr'><strong>inauditum</strong></span> <span class='ocrx_word' id='word_1_97' title='bbox 560 2940 679 3018; x_wconf 88' lang='lat' dir='ltr'><strong>Graiis,</strong></span> <span class='ocrx_word' id='word_1_98' title='bbox 695 2963 755 3004; x_wconf 91' lang='lat' dir='ltr'><strong>nec</strong></span> <span class='ocrx_word' id='word_1_99' title='bbox 770 2938 871 3003; x_wconf 88' lang='lat' dir='ltr'><strong>Graia</strong></span> <span class='ocrx_word' id='word_1_100' title='bbox 884 2937 1023 3002; x_wconf 88' lang='lat' dir='ltr'><strong>silebant</strong></span> 
     </span>
     <span class='ocr_line' id='line_1_19' title="bbox 218 3041 1090 3125; baseline 0 -20"><span class='ocrx_word' id='word_1_101' title='bbox 218 3041 385 3108; x_wconf 86' lang='lat' dir='ltr'><strong>Carmina:</strong></span> <span class='ocrx_word' id='word_1_102' title='bbox 410 3042 630 3108; x_wconf 89' lang='lat' dir='ltr'><strong>Mulcibcrum</strong></span> <span class='ocrx_word' id='word_1_103' title='bbox 646 3043 800 3108; x_wconf 87' lang='lat' dir='ltr'><strong>dixerunt</strong></span> <span class='ocrx_word' id='word_1_104' title='bbox 814 3042 974 3120; x_wconf 90' lang='lat' dir='ltr'><strong>Ausones,</strong></span> <span class='ocrx_word' id='word_1_105' title='bbox 990 3050 1090 3125; x_wconf 87' lang='lat' dir='ltr'><strong>utqve</strong></span> 
     </span>
     <span class='ocr_line' id='line_1_20' title="bbox 219 3143 864 3233; baseline 0.008 -27"><span class='ocrx_word' id='word_1_106' title='bbox 219 3143 386 3209; x_wconf 87' lang='lat' dir='ltr'><strong>Deciderit</strong></span> <span class='ocrx_word' id='word_1_107' title='bbox 399 3147 497 3226; x_wconf 92' lang='lat' dir='ltr'><strong>caelo,</strong></span> <span class='ocrx_word' id='word_1_108' title='bbox 514 3147 722 3211; x_wconf 87' lang='lat' dir='ltr'><strong>decantavere</strong></span> <span class='ocrx_word' id='word_1_109' title='bbox 737 3157 864 3233; x_wconf 89' lang='lat' dir='ltr'><strong>poetae,</strong></span> 
     </span>
    </p>

    <p class='ocr_par' dir='ltr' id='par_1_8' title="bbox 220 3246 972 3336">
     <span class='ocr_line' id='line_1_21' title="bbox 220 3246 972 3336; baseline 0.005 -27"><span class='ocrx_word' id='word_1_110' title='bbox 220 3246 282 3310; x_wconf 89' lang='lat' dir='ltr'><strong>Per</strong></span> <span class='ocrx_word' id='word_1_111' title='bbox 297 3248 480 3332; x_wconf 87' lang='lat' dir='ltr'><strong>crystallina</strong></span> <span class='ocrx_word' id='word_1_112' title='bbox 493 3250 664 3336; x_wconf 90' lang='lat' dir='ltr'><strong>pinnarum</strong></span> <span class='ocrx_word' id='word_1_113' title='bbox 678 3250 806 3335; x_wconf 82' lang='lat' dir='ltr'><strong>fastigia</strong></span> <span class='ocrx_word' id='word_1_114' title='bbox 820 3272 972 3335; x_wconf 87' lang='lat' dir='ltr'><strong>praeceps</strong></span> 
     </span>
    </p>

    <p class='ocr_par' dir='ltr' id='par_1_9' title="bbox 217 3349 965 3418">
     <span class='ocr_line' id='line_1_22' title="bbox 217 3349 965 3418; baseline 0.008 -6"><span class='ocrx_word' id='word_1_115' title='bbox 217 3349 273 3412; x_wconf 93' lang='lat' dir='ltr'><strong>Ab</strong></span> <span class='ocrx_word' id='word_1_116' title='bbox 287 3349 308 3413; x_wconf 91' lang='lat' dir='ltr'><strong>J</strong></span> <span class='ocrx_word' id='word_1_117' title='bbox 309 3373 368 3413; x_wconf 88' lang='lat' dir='ltr'><strong>ove</strong></span> <span class='ocrx_word' id='word_1_118' title='bbox 383 3350 590 3416; x_wconf 83' lang='lat' dir='ltr'><strong>deturbatus:</strong></span> <span class='ocrx_word' id='word_1_119' title='bbox 614 3353 686 3418; x_wconf 87' lang='lat' dir='ltr'><strong>Eoo</strong></span> <span class='ocrx_word' id='word_1_120' title='bbox 701 3376 720 3417; x_wconf 90' lang='lat' dir='ltr'><strong>a</strong></span> <span class='ocrx_word' id='word_1_121' title='bbox 734 3352 801 3416; x_wconf 89' lang='lat' dir='ltr'><strong>sole</strong></span> <span class='ocrx_word' id='word_1_122' title='bbox 815 3353 965 3418; x_wconf 91' lang='lat' dir='ltr'><strong>deorsum</strong></span> 
     </span>
    </p>

    <p class='ocr_par' dir='ltr' id='par_1_10' title="bbox 216 3452 1122 3725">
     <span class='ocr_line' id='line_1_23' title="bbox 219 3452 986 3531; baseline 0.004 -15"><span class='ocrx_word' id='word_1_123' title='bbox 219 3453 273 3517; x_wconf 92' lang='lat' dir='ltr'><strong>Ad</strong></span> <span class='ocrx_word' id='word_1_124' title='bbox 287 3452 440 3531; x_wconf 91' lang='lat' dir='ltr'><strong>medium,</strong></span> <span class='ocrx_word' id='word_1_125' title='bbox 456 3453 522 3518; x_wconf 90' lang='lat' dir='ltr'><strong>sole</strong></span> <span class='ocrx_word' id='word_1_126' title='bbox 537 3478 556 3518; x_wconf 89' lang='lat' dir='ltr'><strong>a</strong></span> <span class='ocrx_word' id='word_1_127' title='bbox 569 3455 677 3520; x_wconf 92' lang='lat' dir='ltr'><strong>medio</strong></span> <span class='ocrx_word' id='word_1_128' title='bbox 691 3456 832 3521; x_wconf 86' lang='lat' dir='ltr'><strong>rorantia</strong></span> <span class='ocrx_word' id='word_1_129' title='bbox 846 3455 887 3520; x_wconf 89' lang='lat' dir='ltr'><strong>ad</strong></span> <span class='ocrx_word' id='word_1_130' title='bbox 901 3466 986 3519; x_wconf 88' lang='lat' dir='ltr'><strong>astra</strong></span> 
     </span>
     <span class='ocr_line' id='line_1_24' title="bbox 218 3556 1122 3643; baseline 0.002 -24"><span class='ocrx_word' id='word_1_131' title='bbox 218 3556 388 3620; x_wconf 91' lang='lat' dir='ltr'><strong>Aestivum</strong></span> <span class='ocrx_word' id='word_1_132' title='bbox 404 3557 489 3620; x_wconf 86' lang='lat' dir='ltr'><strong>cadit</strong></span> <span class='ocrx_word' id='word_1_133' title='bbox 504 3579 604 3643; x_wconf 85' lang='lat' dir='ltr'><strong>usqve</strong></span> <span class='ocrx_word' id='word_1_134' title='bbox 619 3558 725 3638; x_wconf 85' lang='lat' dir='ltr'><strong>diem3</strong></span> <span class='ocrx_word' id='word_1_135' title='bbox 748 3570 961 3643; x_wconf 80' lang='lat' dir='ltr'><strong>vergenteqve</strong></span> <span class='ocrx_word' id='word_1_136' title='bbox 976 3556 1122 3637; x_wconf 88' lang='lat' dir='ltr'><strong>Phoebo,</strong></span> 
     </span>
     <span class='ocr_line' id='line_1_25' title="bbox 216 3657 934 3725; baseline 0.003 -2"><span class='ocrx_word' id='word_1_137' title='bbox 216 3657 344 3723; x_wconf 88' lang='lat' dir='ltr'><strong>Labens</strong></span> <span class='ocrx_word' id='word_1_138' title='bbox 359 3659 502 3723; x_wconf 89' lang='lat' dir='ltr'><strong>aetherio</strong></span> <span class='ocrx_word' id='word_1_139' title='bbox 518 3660 558 3723; x_wconf 91' lang='lat' dir='ltr'><strong>de</strong></span> <span class='ocrx_word' id='word_1_140' title='bbox 572 3660 692 3725; x_wconf 87' lang='lat' dir='ltr'><strong>vertice</strong></span> <span class='ocrx_word' id='word_1_141' title='bbox 707 3660 820 3725; x_wconf 88' lang='lat' dir='ltr'><strong>sideris</strong></span> <span class='ocrx_word' id='word_1_142' title='bbox 834 3662 934 3725; x_wconf 86' lang='lat' dir='ltr'><strong>instar</strong></span> 
     </span>
    </p>

    <p class='ocr_par' dir='ltr' id='par_1_11' title="bbox 218 3761 1034 3953">
     <span class='ocr_line' id='line_1_26' title="bbox 218 3761 1034 3847; baseline 0.001 -21"><span class='ocrx_word' id='word_1_143' title='bbox 218 3761 341 3826; x_wconf 91' lang='lat' dir='ltr'><strong>Incidit</strong></span> <span class='ocrx_word' id='word_1_144' title='bbox 355 3761 504 3847; x_wconf 83' lang='lat' dir='ltr'><strong>Aegaeae</strong></span> <span class='ocrx_word' id='word_1_145' title='bbox 519 3761 653 3829; x_wconf 91' lang='lat' dir='ltr'><strong>Lemno.</strong></span> <span class='ocrx_word' id='word_1_146' title='bbox 702 3764 756 3828; x_wconf 91' lang='lat' dir='ltr'><strong>Sic</strong></span> <span class='ocrx_word' id='word_1_147' title='bbox 770 3762 881 3827; x_wconf 80' lang='lat' dir='ltr'><strong>fabula</strong></span> <span class='ocrx_word' id='word_1_148' title='bbox 894 3762 1034 3827; x_wconf 85' lang='lat' dir='ltr'><strong>mendax</strong></span> 
     </span>
     <span class='ocr_line' id='line_1_27' title="bbox 219 3863 965 3953; baseline 0.005 -27"><span class='ocrx_word' id='word_1_149' title='bbox 219 3863 368 3930; x_wconf 88' lang='lat' dir='ltr'><strong>Scilicet:</strong></span> <span class='ocrx_word' id='word_1_150' title='bbox 393 3866 448 3929; x_wconf 92' lang='lat' dir='ltr'><strong>ille</strong></span> <span class='ocrx_word' id='word_1_151' title='bbox 463 3877 571 3931; x_wconf 89' lang='lat' dir='ltr'><strong>autem</strong></span> <span class='ocrx_word' id='word_1_152' title='bbox 586 3869 682 3932; x_wconf 89' lang='lat' dir='ltr'><strong>turba</strong></span> <span class='ocrx_word' id='word_1_153' title='bbox 696 3868 836 3953; x_wconf 88' lang='lat' dir='ltr'><strong>stipante</strong></span> <span class='ocrx_word' id='word_1_154' title='bbox 851 3866 965 3931; x_wconf 89' lang='lat' dir='ltr'><strong>rebelli</strong></span> 
     </span>
    </p>

    <p class='ocr_par' dir='ltr' id='par_1_12' title="bbox 218 3965 1044 4156">
     <span class='ocr_line' id='line_1_28' title="bbox 218 3965 1044 4056; baseline 0.006 -28"><span class='ocrx_word' id='word_1_155' title='bbox 218 3965 307 4030; x_wconf 88' lang='lat' dir='ltr'><strong>Ante</strong></span> <span class='ocrx_word' id='word_1_156' title='bbox 323 3966 379 4030; x_wconf 91' lang='lat' dir='ltr'><strong>diu</strong></span> <span class='ocrx_word' id='word_1_157' title='bbox 394 3969 527 4034; x_wconf 90' lang='lat' dir='ltr'><strong>cecidit:</strong></span> <span class='ocrx_word' id='word_1_158' title='bbox 552 3993 654 4056; x_wconf 87' lang='lat' dir='ltr'><strong>neqve</strong></span> <span class='ocrx_word' id='word_1_159' title='bbox 670 3969 755 4034; x_wconf 90' lang='lat' dir='ltr'><strong>enim</strong></span> <span class='ocrx_word' id='word_1_160' title='bbox 770 3969 835 4034; x_wconf 87' lang='lat' dir='ltr'><strong>iam</strong></span> <span class='ocrx_word' id='word_1_161' title='bbox 848 3968 974 4055; x_wconf 87' lang='lat' dir='ltr'><strong>proluit</strong></span> <span class='ocrx_word' id='word_1_162' title='bbox 987 3966 1044 4033; x_wconf 90' lang='lat' dir='ltr'><strong>olli</strong></span> 
     </span>
     <span class='ocr_line' id='line_1_29' title="bbox 218 4066 923 4156; baseline 0.007 -27"><span class='ocrx_word' id='word_1_163' title='bbox 218 4066 332 4130; x_wconf 91' lang='lat' dir='ltr'><strong>Aerias</strong></span> <span class='ocrx_word' id='word_1_164' title='bbox 347 4068 435 4132; x_wconf 90' lang='lat' dir='ltr'><strong>caelo</strong></span> <span class='ocrx_word' id='word_1_165' title='bbox 450 4079 554 4134; x_wconf 88' lang='lat' dir='ltr'><strong>turres</strong></span> <span class='ocrx_word' id='word_1_166' title='bbox 568 4073 734 4151; x_wconf 86' lang='lat' dir='ltr'><strong>struxisse,</strong></span> <span class='ocrx_word' id='word_1_167' title='bbox 750 4071 923 4156; x_wconf 86' lang='lat' dir='ltr'><strong>fugamqve</strong></span> 
     </span>
    </p>

    <p class='ocr_par' dir='ltr' id='par_1_13' title="bbox 219 4169 1099 4358">
     <span class='ocr_line' id='line_1_30' title="bbox 219 4169 1099 4260; baseline 0.008 -28"><span class='ocrx_word' id='word_1_168' title='bbox 219 4169 354 4233; x_wconf 90' lang='lat' dir='ltr'><strong>Fabrica</strong></span> <span class='ocrx_word' id='word_1_169' title='bbox 367 4170 456 4236; x_wconf 87' lang='lat' dir='ltr'><strong>nulla</strong></span> <span class='ocrx_word' id='word_1_170' title='bbox 471 4171 577 4251; x_wconf 88' lang='lat' dir='ltr'><strong>dabat,</strong></span> <span class='ocrx_word' id='word_1_171' title='bbox 596 4175 671 4259; x_wconf 91' lang='lat' dir='ltr'><strong>qvin</strong></span> <span class='ocrx_word' id='word_1_172' title='bbox 685 4174 754 4260; x_wconf 90' lang='lat' dir='ltr'><strong>ipse</strong></span> <span class='ocrx_word' id='word_1_173' title='bbox 768 4172 900 4237; x_wconf 88' lang='lat' dir='ltr'><strong>volutus</strong></span> <span class='ocrx_word' id='word_1_174' title='bbox 914 4174 956 4238; x_wconf 88' lang='lat' dir='ltr'><strong>ad</strong></span> <span class='ocrx_word' id='word_1_175' title='bbox 969 4174 1099 4239; x_wconf 87' lang='lat' dir='ltr'><strong>umbras</strong></span> 
     </span>
     <span class='ocr_line' id='line_1_31' title="bbox 220 4272 1095 4358; baseline 0.008 -23"><span class='ocrx_word' id='word_1_176' title='bbox 220 4272 451 4358; x_wconf 87' lang='lat' dir='ltr'><strong>Artificemqve</strong></span> <span class='ocrx_word' id='word_1_177' title='bbox 467 4275 595 4340; x_wconf 86' lang='lat' dir='ltr'><strong>trahens</strong></span> <span class='ocrx_word' id='word_1_178' title='bbox 610 4277 737 4342; x_wconf 90' lang='lat' dir='ltr'><strong>turbam</strong></span> <span class='ocrx_word' id='word_1_179' title='bbox 752 4276 937 4341; x_wconf 87' lang='lat' dir='ltr'><strong>aedificaret</strong></span> <span class='ocrx_word' id='word_1_180' title='bbox 949 4276 983 4341; x_wconf 89' lang='lat' dir='ltr'><strong>in</strong></span> <span class='ocrx_word' id='word_1_181' title='bbox 999 4274 1095 4343; x_wconf 90' lang='lat' dir='ltr'><strong>Oreo.</strong></span> 
     </span>
    </p>
   </div>
   <div class='ocr_carea' id='block_1_4' title="bbox 995 4412 1122 4471">
    <p class='ocr_par' dir='ltr' id='par_1_14' title="bbox 995 4412 1122 4471">
     <span class='ocr_line' id='line_1_32' title="bbox 995 4412 1122 4471; baseline 0 -2"><span class='ocrx_word' id='word_1_182' title='bbox 995 4412 1029 4469; x_wconf 86' lang='lat' dir='ltr'><strong>T.</strong></span> <span class='ocrx_word' id='word_1_183' title='bbox 1045 4412 1074 4471; x_wconf 85' lang='lat' dir='ltr'><strong>S.</strong></span> <span class='ocrx_word' id='word_1_184' title='bbox 1087 4412 1122 4470; x_wconf 87' lang='grc' dir='ltr'><strong>Ε.</strong></span> 
     </span>
    </p>
   </div>
   <div class='ocr_carea' id='block_1_5' title="bbox 0 0 1427 5340">
    <p class='ocr_par' dir='ltr' id='par_1_15' title="bbox 0 0 1427 5340">
     <span class='ocr_line' id='line_1_33' title="bbox 0 0 1427 5340; baseline 0 0"><span class='ocrx_word' id='word_1_185' title='bbox 0 0 1427 5340; x_wconf 95' lang='lat' dir='ltr'><strong> </strong></span> 
     </span>
    </p>
   </div>
  </div>
 </body>
</html>
