2842 5078
232 361 280 408 306
335 372 340 383 ’
550 359 733 409 SABRINAE
751 359 925 409 COROLLA.

351 590 423 664 She
439 591 541 663 droelt
558 614 689 688 among
705 591 763 662 ure
781 589 976 662 untrodden
1000 588 1124 689 Ways.

278 748 400 815 Pascua
414 751 540 816 Doveni
554 750 703 816 lambunt
718 753 775 816 ubi
791 752 881 816 deria
897 752 1015 830 fontes,

321 854 505 919 Flumineus
519 856 608 939 virgo
623 867 755 941 propter
770 857 885 939 agebat
901 878 1007 940 aqvas.

279 954 379 1019 Nulla
394 958 521 1041 qvidem
535 969 676 1021 nostram
690 957 843 1021 laudabat
857 958 965 1042 lingva
981 959 1153 1042 puellam:

321 1057 551 1145 Perpauciqve,
568 1060 683 1145 qvibus
698 1060 896 1144 diligeretur,
913 1071 1016 1125 erant.

278 1159 355 1224 Non
370 1162 454 1226 viola
468 1163 578 1226 annosi
592 1185 703 1227 musco
717 1186 817 1248 prope
833 1164 963 1227 condita
977 1165 1052 1228 saxi

320 1262 436 1327 Prodit
449 1265 619 1329 amabilius
633 1265 845 1329 semireducta
859 1276 976 1350 caput:

278 1364 348 1429 Nec
363 1378 428 1429 tam
442 1379 534 1450 grata
548 1368 630 1430 nitet
643 1389 703 1430 nec
718 1377 783 1431 tam
798 1367 937 1431 formosa
951 1367 1058 1432 videri

321 1467 422 1531 Stella
435 1469 636 1533 silescentem
651 1492 730 1553 qvae
747 1480 835 1532 tenet
849 1492 912 1533 una
927 1470 1054 1554 polum.

278 1569 332 1634 Sic
347 1571 444 1635 latuit
458 1572 565 1656 virgo:
589 1573 761 1658 paucisque
776 1573 919 1637 innotuit
933 1573 1013 1636 hora

321 1673 394 1739 Qva
406 1696 478 1739 mea
493 1697 565 1739 cum
580 1675 659 1738 vivis
674 1676 769 1739 desiit
783 1699 850 1739 esse
867 1676 980 1742 Chloe.

279 1775 340 1839 Illa
354 1778 523 1862 sepulcrali
538 1779 598 1842 sub
614 1779 753 1863 caespite
769 1779 908 1843 dormit:
933 1790 967 1843 at
982 1779 1070 1844 eheu

323 1876 420 1943 Nunc
436 1880 560 1943 aliaest
574 1881 680 1958 tellus,
697 1903 732 1944 ac
747 1881 811 1944 fuit
826 1893 910 1958 ante,
927 1881 1019 1947 mihi.
1101 1870 1103 1874 ’

650 1999 685 2056 G.
701 2001 738 2056 A.
754 2001 785 2057 G.
800 2001 840 2057 M.
855 1999 903 2078 (eo
916 2001 1191 2082 Wonoswonrmo.)

604 2195 865 2203 -—-————.⁴

638 2321 828 2395 Tironiana.

320 2485 425 2570 Regia
439 2487 491 2549 cui
506 2486 614 2571 pellex
630 2510 693 2550 non
709 2501 758 2551 est
772 2489 881 2552 audita
897 2487 1037 2552 Cloacal

363 2587 491 2651 Nomen
506 2591 546 2652 ab
561 2589 701 2653 infausta
715 2590 828 2675 pellice
845 2591 942 2654 Fossa
958 2590 1067 2655 trahit.

319 2690 499 2754 Fumivomi
516 2715 627 2756 currus
641 2695 814 2777 gestamine
830 2694 854 2757 si
871 2694 955 2776 petis
972 2693 1112 2774 Urbem,

363 2793 533 2857 Terminus
548 2806 596 2858 est
610 2796 738 2879 rapidae
754 2819 818 2859 non
833 2795 946 2879 procul
960 2796 1036 2859 inde
1052 2798 1138 2864 viae.

321 2895 491 2959 Terminus
506 2906 554 2959 est
567 2898 663 2960 statio
678 2898 786 2961 furum
801 2898 996 2961 notissuma:
1021 2899 1048 2962 si
1064 2922 1165 2984 qvem

363 2998 484 3062 Pressit
498 3022 578 3062 onus
593 2999 739 3077 nimium,
756 3012 846 3085 parte
862 2999 986 3062 levatur
1002 3023 1116 3086 opum.

321 3099 491 3163 Terminus
505 3100 559 3163 ille
574 3101 643 3164 viae
659 3102 738 3164 mihi
752 3113 800 3165 ter
814 3101 897 3164 fuit:
921 3100 1043 3165 adcidit
1056 3103 1147 3168 eheu

364 3202 500 3266 Adcidit
514 3214 552 3267 ut
567 3204 660 3266 nobis
676 3204 845 3267 terminus
860 3213 942 3266 esset
957 3225 1067 3287 opum.

1099 3311 1137 3369 R.
1153 3313 1185 3372 S.

611 3402 855 3410 ψ

665 3527 796 3626 Lydio.

318 3694 415 3757 Emta
429 3694 488 3757 tibi
503 3705 577 3758 sunt
593 3694 667 3772 mel,
685 3696 807 3772 dentes,
825 3717 960 3772 cerussa,
977 3695 1109 3779 capilli:

383 3797 455 3861 Hoc
470 3810 597 3882 poterat
610 3798 725 3884 preti0,
743 3798 857 3883 Lydia,
874 3797 982 3861 vultus
998 3797 1073 3864 emi.

797 3919 831 3975 T.
848 3919 876 3976 S.
891 3919 930 3976 H.
946 3917 993 3995 (eo
1006 3918 1098 3977 Anah.
1118 3921 1191 4003 Gr.)
