2842 5078
232 393 281 442 ³02
548 387 731 437 SABRINAE
750 386 925 437 COROLLA.

235 555 397 621 Innocuae
412 553 513 632 sedes,
530 564 565 619 et
579 554 676 638 digna
690 553 801 617 labore
817 554 951 618 decenni

237 657 384 722 Praemia
397 680 462 720 non
477 657 623 723 deerunt.
672 656 730 720 Sin
745 655 797 720 cui
812 656 878 721 fors
894 656 995 721 carior
1009 656 1076 721 illis
1138 680 1140 684 ’

238 759 289 823 Sit
304 759 407 844 patria
422 758 702 843 Haemoniumqve
718 757 832 836 solum,
849 781 974 822 mecum
989 758 1053 822 ibit
1067 759 1186 823 ovanti

236 863 352 928 Victor
366 862 463 927 classe
477 861 591 926 redux.
639 861 740 924 Trans
754 861 888 925 flumina
904 860 1027 945 Gangis
1042 861 1140 926 Eous

236 966 389 1031 Volvitur
404 965 552 1030 Oceanus
568 975 673 1028 totum
689 964 907 1048 circumvagus
922 965 1052 1028 orbem:

238 1068 334 1134 Unde
348 1092 407 1154 per
421 1067 589 1133 Australes
603 1077 724 1131 tractus
739 1079 772 1130 et
786 1090 886 1152 prona
900 1067 1043 1131 feremur

238 1172 399 1256 Aeqvora,
416 1172 492 1235 dum
508 1170 646 1254 Libyam
660 1179 787 1254 praeter
802 1168 1002 1253 Gaetulaqve
1018 1179 1133 1234 vectus

239 1273 354 1358 Regna
367 1274 428 1337 sub
445 1273 608 1337 Herculeo
622 1271 799 1357 requiescat
812 1271 907 1335 litore
921 1271 1023 1337 miles.

240 1376 308 1440 Cur
320 1377 421 1461 igitur
436 1375 493 1440 tali
507 1399 614 1440 rerum
629 1375 689 1438 sub
704 1375 769 1438 fine
785 1374 904 1438 timetis

157 1502 160 1507 ‘
240 1478 337 1543 Ultra
350 1479 434 1543 ferre
448 1480 564 1564 pedem
579 1490 612 1543 et
625 1478 773 1563 propriae
788 1478 915 1542 virtutis
930 1489 1060 1562 egentes

240 1580 389 1645 Deficitis
404 1583 543 1665 coepto?
588 1581 675 1647 Qvin
691 1603 817 1644 mecum
832 1580 991 1666 pergitis?
1036 1580 1141 1644 Absit

241 1683 402 1767 Segnities
415 1682 549 1748 animis:
572 1683 664 1747 vobis
679 1683 742 1747 cito
759 1684 874 1747 serviat
888 1683 991 1746 omnis

241 1783 351 1863 Terra,
368 1785 566 1872 triumphato
582 1785 764 1849 dominetur
779 1785 915 1850 Graecia
929 1785 1059 1850 mundo.

241 1889 380 1953 Artibus
394 1889 444 1953 his
458 1889 544 1953 victo
558 1887 682 1952 rediere
698 1886 830 1951 Oriente
845 1887 976 1973 superbi

241 1991 388 2056 Bacchus
402 2004 436 2056 et
450 1992 591 2057 Alcides.
638 1993 717 2069 Nos,
734 2013 867 2077 qvorum
883 2002 1025 2055 avertere
1040 1991 1109 2054 tela

241 2095 318 2160 Non
333 2119 428 2175 mare,
445 2119 510 2160 non
525 2109 661 2174 montes,
677 2118 740 2159 non
757 2107 866 2181 septae
881 2095 1029 2159 cautibus
1043 2117 1146 2173 arces,

241 2197 318 2262 Non
333 2198 441 2283 potuit
455 2198 568 2282 lugens
584 2199 773 2262 exhaustam
789 2198 902 2262 Media
914 2198 1045 2283 pubem,

241 2299 317 2364 Non
333 2300 418 2363 ferro
433 2302 623 2386 flammaqve
637 2301 743 2385 Tyrus
758 2301 928 2378 succincta,
944 2322 1047 2384 neqve
1061 2299 1135 2384 ipse

240 2403 375 2468 Viribus
390 2403 561 2468 Herculeis
575 2405 787 2489 neqvidqvam
804 2404 949 2467 obsessus
963 2404 1103 2482 Aornos,

241 2504 311 2569 Nos
326 2505 490 2590 fugimus?
512 2531 570 2571 nos
585 2519 674 2592 terga
689 2508 823 2571 damus?
846 2507 932 2572 Proh
949 2506 1088 2591 degener
1104 2511 1218 2573 aetas!

241 2607 320 2671 Post
334 2609 455 2671 tanton'
471 2632 508 2671 ea
522 2609 606 2673 fama
620 2611 691 2674 loco
706 2620 800 2694 atqve
815 2609 950 2673 infracta
964 2610 1095 2673 recedet

241 2708 382 2774 Gloria?
426 2712 529 2778 Qvam
545 2713 631 2776 bello
645 2713 772 2776 mallem
788 2712 948 2789 cecidisse,
965 2711 1152 2797 priusqvam

240 2811 392 2877 Dedecus
406 2812 468 2877 hoc
483 2837 617 2880 nossem.
665 2814 730 2879 Sed
744 2816 770 2878 si
786 2814 1007 2878 communibus
1023 2814 1120 2878 obsto

239 2915 337 2980 Votis
351 2915 438 2979 solus
454 2939 524 3000 ego,
541 2926 574 2979 et
589 2917 680 2980 donis
696 2917 735 2980 de
749 2917 880 2980 milibus
896 2939 995 2979 unum

242 3016 316 3082 Hoc
330 3018 462 3082 fortuna
475 3028 582 3102 negat,
599 3042 664 3081 non
678 3019 803 3083 ultuma
817 3019 941 3083 tradere
956 3042 1048 3103 posse

240 3120 356 3203 Regna
370 3121 430 3184 sub
446 3121 626 3184 Aemathiis
641 3144 766 3205 semper
779 3122 931 3184 servanda
946 3121 1083 3200 colonis;

241 3223 299 3286 Nil
313 3246 419 3286 moror
433 3223 567 3287 invitos:
590 3224 652 3287 iam
668 3224 785 3302 vadite,
801 3224 906 3287 vadite
923 3224 1031 3288 Graiis

241 3325 372 3410 Indigni
387 3327 550 3411 patriaque
566 3327 636 3405 viri,
653 3327 843 3412 tandemqve
858 3329 973 3391 reversi

240 3427 359 3505 Dicite,
376 3451 431 3491 vos
445 3429 551 3492 hostes
565 3429 650 3493 inter
663 3452 764 3514 prope
780 3431 900 3493 flumen
916 3430 1094 3515 Hydaspen

239 3539 413 3602 Extremos
428 3540 540 3603 mundi
555 3540 739 3624 cupientem
756 3540 922 3624 exquirere
937 3541 1016 3604 fines

239 3641 433 3706 Destituisse
449 3643 574 3708 ducem.
621 3644 723 3707 Vobis
739 3643 819 3720 sine,
836 3644 862 3705 si
876 3644 952 3727 qvid
966 3644 1072 3707 acerbi
1089 3657 1149 3723 est,

240 3743 312 3808 Stat
326 3746 405 3808 mihi
421 3769 506 3810 nunc
521 3746 571 3809 vel
585 3757 688 3809 morte
703 3746 782 3830 pati.
829 3747 865 3810 Si
879 3747 1043 3825 vincimus,
1059 3748 1145 3811 illud

239 3846 329 3910 Gens
344 3847 447 3911 aliena
462 3849 568 3913 dabit:
593 3873 670 3933 gens
685 3849 807 3913 scilicet
823 3848 922 3913 altera
936 3849 1031 3927 victo,

239 3948 315 4013 Non
331 3973 411 4028 mea,
428 3973 521 4035 qvam
536 3950 635 4028 volui,
652 3951 869 4015 dominabitur
884 3952 984 4015 altera
998 3953 1129 4016 mundo.

1089 4074 1127 4130 H.
1144 4075 1187 4132 H.
