2834 5340
489 827 671 879 SABRINAE
690 829 866 880 conotus.

220 996 268 1059 At
282 1016 408 1078 semper
421 994 544 1058 miseris
558 994 723 1058 adtentam
738 994 890 1080 praebuit
904 1016 1024 1071 aurem,

263 1096 397 1182 Semper
411 1108 480 1161 erat
493 1096 619 1160 luctum
633 1107 783 1181 prompta
796 1095 902 1160 levare
917 1118 1040 1162 manus.

219 1198 312 1264 Illius
326 1198 510 1263 admonitus
524 1220 636 1283 aegrae
652 1199 764 1263 solatia
779 1198 890 1276 menti,

263 1301 438 1365 Auxilium
453 1300 579 1364 cunctis
593 1322 745 1385 spemqve
760 1299 864 1364 tulere
879 1300 981 1366 malis.

221 1403 315 1467 Felix
330 1402 385 1467 ille
401 1403 470 1468 dies
485 1403 538 1489 qvi
553 1413 596 1481 te,
613 1414 705 1489 pater
723 1413 867 1487 optume,
884 1425 1011 1467 morum

264 1504 438 1570 Custodem
454 1505 576 1591 patriae
591 1505 849 1590 praesidiumqve
865 1504 972 1570 dedit:

220 1606 467 1693 Neqvidqvam:
488 1607 549 1672 tibi
565 1609 661 1686 enim,
677 1608 773 1671 celeri
788 1608 917 1693 delapsa
930 1608 1051 1686 volatu,

264 1710 382 1775 Iniecit
395 1710 517 1795 gelidas
532 1733 626 1795 aegra
640 1723 768 1776 senecta
783 1733 915 1776 manus:

219 1811 266 1876 Et
280 1823 337 1877 tua
350 1813 485 1877 letiferis
500 1813 696 1898 languebant
710 1825 841 1898 pectora
855 1815 984 1892 morbis,

264 1914 475 1998 Membraqve
490 1914 610 1979 furtiva
625 1914 794 1980 debilitata
807 1916 872 1981 lue.

221 2014 270 2080 At
284 2016 345 2080 tibi
361 2039 460 2096 mens,
478 2017 577 2082 veluti
594 2019 700 2104 cuspis
715 2029 859 2105 spectata
872 2041 930 2104 per
945 2019 1063 2104 ignem,

265 2118 414 2205 Corporis
429 2120 548 2185 infirmi
562 2121 685 2185 firmior
700 2121 814 2206 hospes
830 2133 916 2199 erat3

220 2220 267 2285 Et
281 2223 377 2287 modo
391 2222 510 2288 soliciti
524 2223 637 2287 vinclis
653 2235 753 2287 exuta
768 2223 887 2287 doloris

265 2324 466 2412 Principium
481 2327 566 2391 vitae
581 2349 664 2411 pura
677 2327 827 2411 perennis
845 2327 922 2411 agit.

221 2426 269 2489 At
283 2426 396 2511 procul
410 2429 485 2493 hinc
501 2429 641 2514 qvamvis
657 2428 785 2493 caelesti
801 2429 872 2494 luce
888 2430 1014 2508 fruaris,

265 2528 341 2592 Non
356 2541 414 2592 tua
428 2529 580 2594 Lethaeis
595 2541 666 2594 acta
680 2543 868 2614 prementur
882 2532 981 2616 aqvis.

223 2627 271 2692 Te
285 2629 475 2714 laudemqve
491 2641 580 2694 tuam
594 2653 743 2715 praesens
758 2631 912 2717 intelligit
926 2648 1022 2710 aetas,

267 2728 314 2793 Te
329 2729 471 2794 recolent
484 2741 575 2815 grata
587 2741 714 2816 postera
729 2732 813 2797 secla
827 2733 901 2798 fide.

222 2829 356 2915 Effigies
370 2841 479 2916 surget
495 2831 616 2895 caelato
631 2843 754 2896 structa
767 2833 887 2912 labore,

264 2934 310 2996 Et
324 2932 465 2997 referent
479 2933 587 2997 vultus
603 2956 759 2999 marmora
774 2947 864 3000 muta
880 2947 970 3000 tuos:

222 3032 366 3118 Effigies,
381 3036 482 3099 nostri
497 3058 683 3100 mansurum
698 3037 817 3122 pignus
831 3039 957 3115 amoris,

266 3135 380 3200 Ardua
394 3138 510 3201 turrita
525 3150 636 3222 surget
650 3138 684 3201 in
699 3140 778 3204 aede
794 3140 880 3205 Dei:

224 3236 288 3299 Ars
303 3236 426 3301 utinam
441 3261 545 3304 mores
559 3240 763 3325 animumque
780 3241 947 3327 effingeret
961 3242 1064 3320 illum,

267 3337 343 3401 Non
358 3338 442 3404 soret
454 3340 489 3404 in
506 3353 575 3406 toto
589 3341 730 3428 pulcrior
746 3347 822 3408 orbe
837 3345 929 3429 lapis·

224 3437 317 3503 Vana
330 3438 461 3525 loqvor:
487 3454 595 3508 tantae
610 3444 739 3509 virtutis
753 3445 920 3531 splendida
935 3448 1019 3513 vivet

266 3541 390 3622 Gloria,
408 3544 597 3610 Phidiacum
614 3569 709 3631 qvom
724 3549 881 3613 morietur
895 3574 986 3636 opus.

224 3642 330 3709 Qvare
346 3657 382 3709 tu
398 3646 524 3726 nimios,
543 3647 683 3733 Salopia,
699 3651 820 3736 proiice
833 3652 951 3731 luctus,

268 3746 412 3814 Proiice:
438 3751 586 3816 tristitiae
602 3753 685 3838 qvod
700 3755 867 3820 medeatur
881 3756 998 3822 habes:

224 3849 285 3914 Ille
300 3864 376 3916 tuus
389 3854 504 3938 periit;
528 3855 584 3919 sed
599 3878 663 3919 non
678 3856 809 3941 ignotus
824 3857 957 3923 honori:

268 3953 326 4017 Sat
339 3955 411 4034 sibi,
427 3968 477 4020 sat
492 3958 595 4022 famae
609 3958 736 4023 vixerat
751 3959 806 4023 ille
821 3983 907 4025 suae.

224 4051 276 4116 Sit
289 4055 379 4133 mihi,
396 4068 513 4136 sancte,
532 4068 619 4124 tuam
635 4062 783 4125 meditari
799 4064 978 4128 comminus
992 4088 1116 4146 urnam,

266 4155 475 4243 Virtutesqve
489 4162 595 4224 animo
611 4185 858 4229 commemorare
873 4177 954 4231 tuas.

223 4256 354 4340 Frig'de
368 4257 502 4324 funerea
516 4261 673 4327 decorabo
687 4288 765 4329 saxa
781 4288 944 4350 cupressu,

267 4359 359 4424 Serta
373 4360 473 4425 feram
487 4362 637 4429 lacrumis
651 4366 785 4432 humida
800 4368 885 4433 sacta
900 4372 989 4436 meis.
