2842 5078
548 378 732 429 SABRINAE
749 378 924 428 COROLLA.

452 684 528 761 Nil
542 710 628 786 ergo
647 685 817 783 optabant
836 683 1018 758 Homines.

364 867 464 932 Nefas
479 868 613 953 fatigare
627 868 734 954 impiis
748 867 831 931 votis
845 868 939 930 deos:

409 971 512 1035 Crede
526 973 605 1036 haec
620 993 766 1035 severum
783 971 946 1034 Socratem

365 1072 521 1138 Nondum
535 1074 648 1139 cicutis
662 1073 796 1138 lividum
810 1072 961 1136 letalibus

407 1174 540 1240 Dixisse
554 1177 689 1240 barbato
705 1175 812 1240 choro.

363 1276 451 1360 Ergo
467 1277 543 1362 qvid
557 1300 672 1342 aurum
686 1278 809 1363 Lydiae
823 1276 981 1359 voraginis

408 1380 508 1444 Orare
523 1380 613 1444 divos
626 1378 779 1466 proderit,

363 1483 554 1547 Gemmasve
568 1482 602 1545 in
616 1482 716 1548 antris
729 1482 855 1545 abditas
871 1479 1027 1546 Ibericis?

406 1584 494 1652 Qvid
508 1585 716 1649 barbarorum
731 1584 870 1668 fulgidas

364 1686 494 1771 Regum
508 1687 627 1753 tiaras?
671 1687 799 1753 Qvidve
814 1686 958 1751 conferet
973 1684 1072 1749 Ceres

406 1791 550 1875 Libystis
565 1801 598 1855 et
613 1790 800 1854 Trinacria?

364 1892 453 1961 Qvid
466 1894 570 1958 forma
584 1892 686 1957 dulcis
698 1903 732 1956 et
745 1892 923 1956 iuventutis
937 1892 1056 1956 decori

408 1996 485 2061 Sora
498 1996 626 2061 mobilis
640 1995 823 2059 mortalium
839 2006 897 2073 est,

364 2097 554 2183 Damnoqve
569 2098 673 2162 adhuc
687 2098 810 2161 incerta
823 2119 881 2161 seu
894 2106 997 2161 vertas
1011 2096 1113 2162 bono.

408 2198 488 2266 Qvis
502 2201 589 2263 aleae
601 2198 754 2284 pericula,
832 2242 834 2244 ψ

365 2301 529 2380 Martisve,
547 2323 681 2385 qvorum
697 2300 815 2365 dubius
830 2300 937 2365 exitus
952 2299 1047 2378 foret,

409 2403 496 2467 Inire
512 2405 608 2468 vellet
623 2405 750 2488 iurgia?

365 2506 514 2570 Mentem
528 2529 656 2591 procare
671 2528 780 2569 sanam
796 2515 828 2568 et
843 2506 1012 2581 insontem,
1029 2528 1129 2590 puer,

410 2609 566 2672 Permitte
583 2610 664 2672 divis
679 2621 805 2673 cetera:

365 2710 450 2774 Nam
466 2712 596 2795 qvisqve
611 2710 660 2773 dis
675 2723 732 2787 est,
750 2734 843 2794 qvam
858 2710 918 2774 sibi
933 2710 1014 2794 ipse,
1031 2712 1152 2791 carior,

407 2814 454 2877 Et
469 2813 619 2877 caelitum
636 2823 684 2875 est
698 2812 879 2897 prudentia.
967 2797 970 2804 ¹

364 2917 413 2980 At
426 2916 473 2979 nil
487 2939 580 2978 avaro
595 2914 718 3000 profuit
732 2927 843 2979 votum
857 2914 978 2993 Midae,

408 3019 457 3083 At
470 3019 518 3081 nil
530 3017 657 3103 puellae
670 3018 829 3102 praesciae
841 3045 848 3096 ;

365 3121 423 3185 Nil
435 3144 550 3205 magna
564 3144 653 3184 carae
670 3121 753 3183 dona
768 3120 909 3184 Tithono
924 3121 1013 3199 deae,

409 3222 471 3286 Cui
485 3233 607 3307 nuptus
621 3223 767 3286 Aurorae
781 3222 881 3286 rubor

364 3324 476 3389 Vitam
492 3336 653 3388 carentem
669 3325 733 3387 fine
748 3325 892 3409 poscenti
907 3325 997 3388 dedit

408 3427 560 3492 Frustra:
585 3428 712 3491 beatam
727 3428 859 3492 sustulit

366 3527 421 3592 llli
436 3529 600 3593 iuventam
617 3541 763 3614 tempus:
788 3554 863 3615 ergo
879 3532 992 3595 debilis

409 3630 597 3715 Langvisset
612 3646 778 3696 aetornum
794 3657 903 3712 senex,

347 3803 350 3807 ᾗ
365 3733 411 3810 Ni
426 3734 509 3796 forte
525 3758 658 3818 corpore
673 3736 758 3798 inter
773 3737 906 3801 aestivas
920 3759 1003 3800 novo

301 3827 310 3872 3
326 3824 354 3902 ι”ς
368 3837 385 3904 ³,
402 3836 525 3900 Cicada
539 3849 695 3902 cantasset
710 3862 825 3903 comas.

304 3931 309 3936 ·
350 3927 353 3930 ’
989 3928 1037 3984 W.
1053 3928 1088 3985 Τ.
1105 3930 1142 3988 Β.
1160 3934 1191 3992 J.
