2842 5078
548 333 730 381 SABRINAE
750 333 925 381 COROLLA.

363 500 452 585 Ergo
466 500 613 564 iuventas
627 499 673 564 nil
689 512 745 564 tua
759 500 895 586 profuit,

363 604 524 688 Augusta,
541 602 586 666 nil
603 603 688 689 qvod
703 602 770 667 filia
783 603 929 688 gentium

430 706 620 771 inlustrium
636 729 679 770 ex
693 707 759 771 alta
774 717 897 771 creatos

493 807 601 894 Stirpe
616 819 725 894 patres
738 819 910 894 atavosqve
925 831 1046 886 censes,

367 1014 424 1078 Isti
438 1013 588 1078 iuventae
603 1013 679 1099 qvin
695 1013 791 1076 nimis
805 1014 951 1078 invidens

366 1117 500 1181 Scindat
514 1115 647 1202 capillos
662 1117 754 1180 furva
768 1116 971 1202 Proserpina,

430 1220 646 1304 Frontemqve
659 1219 813 1283 nudatam
829 1219 957 1283 corollis

494 1320 603 1385 Multa
618 1320 729 1384 dolens
746 1320 955 1406 Hymenaeus
969 1321 1093 1385 abdat?

362 1527 392 1590 Ο
409 1527 505 1612 digna
520 1527 595 1591 fatis
609 1527 886 1613 prosperioribus3

365 1631 401 1694 Si
416 1654 510 1715 qvam
526 1630 576 1693 vel
591 1642 678 1694 aetas
694 1630 835 1715 eriperet
851 1629 944 1715 Stygi

429 1733 492 1798 Vel
507 1734 610 1796 forma
624 1733 801 1818 sinceriqve
817 1756 930 1811 mores,

495 1835 585 1899 Haec
602 1848 680 1902 erat.
728 1835 805 1900 Heu
822 1835 977 1912 Libitina,
992 1833 1061 1899 leto

363 2043 422 2108 Nil
436 2043 624 2107 adtulerunt
638 2055 713 2107 vota
728 2065 846 2121 morae,
863 2065 965 2128 neqve

362 2146 508 2211 Multum
523 2145 681 2231 gementis
696 2168 772 2210 cura
788 2145 975 2211 Britanniae
991 2156 1024 2208 et

429 2250 596 2314 Poscentis
612 2272 748 2313 uxorem
765 2249 872 2314 mariti

494 2353 619 2417 Soliciti
634 2352 763 2416 valuere
778 2354 932 2438 qvestusl

364 2560 489 2623 Notum
506 2570 542 2623 ut
557 2559 694 2643 legentis
708 2581 802 2644 saepe
818 2559 1010 2644 pependerit

362 2663 416 2726 Ex
431 2686 485 2725 ore
501 2662 621 2726 coniux
637 2661 791 2745 coniugis.
840 2661 927 2725 Hinc
943 2672 1000 2724 tuo

427 2764 574 2827 Narraris
589 2764 752 2827 effinxisse
765 2786 910 2827 normam

493 2867 645 2952 Imperio,
662 2867 875 2950 reducemqve
891 2866 1027 2930 Elissam

363 3072 402 3137 In
420 3083 451 3136 te
466 3072 618 3135 videbant
633 3071 725 3136 secla.
775 3071 841 3134 Sed
855 3070 991 3133 abstulit

363 3176 440 3239 Nox
456 3198 521 3239 una
536 3184 658 3238 tantam
674 3197 761 3259 spem
776 3173 901 3259 populi.
941 3175 1043 3238 Tuam

426 3277 601 3343 Cassandra
614 3277 640 3340 si
657 3277 781 3361 qvando
796 3277 923 3340 ruinam

491 3378 636 3442 Fatidico
652 3378 818 3441 cecinisset
834 3401 899 3455 ore,

363 3584 432 3648 Ceu
448 3585 545 3648 Troia
561 3584 718 3668 qvondam
734 3582 908 3660 incredula,
925 3583 1058 3648 vocibus

362 3685 420 3749 Nil
434 3685 619 3748 credidisset
634 3686 730 3748 surda
746 3685 922 3762 Britannia,

429 3789 494 3874 Spe
510 3789 594 3852 laeta
609 3812 688 3871 qvae
704 3812 808 3873 nuper
824 3801 980 3874 nepotum

492 3891 588 3954 Nunc
605 3891 694 3954 dabit
711 3892 840 3956 inferias
856 3892 991 3977 parenti.
