<?xml version="1.0" encoding="UTF-8"?>
<!DOCTYPE html PUBLIC "-//W3C//DTD XHTML 1.0 Transitional//EN"
    "http://www.w3.org/TR/xhtml1/DTD/xhtml1-transitional.dtd">
<html xmlns="http://www.w3.org/1999/xhtml" xml:lang="en" lang="en">
 <head>
  <title>
</title>
<meta http-equiv="Content-Type" content="text/html;charset=utf-8" />
  <meta name='ocr-system' content='tesseract 3.04.00' />
  <meta name='ocr-capabilities' content='ocr_page ocr_carea ocr_par ocr_line ocrx_word'/>
</head>
<body>
  <div class='ocr_page' id='page_1' title='image "./sabrinaecorolla00enggoog_0018.png"; bbox 0 0 2834 5340; ppageno 0'>
   <div class='ocr_carea' id='block_1_1' title="bbox 259 1148 1148 1239">
    <p class='ocr_par' dir='ltr' id='par_1_1' title="bbox 259 1148 1148 1239">
     <span class='ocr_line' id='line_1_1' title="bbox 259 1148 1148 1239; baseline 0.002 -5"><span class='ocrx_word' id='word_1_1' title='bbox 259 1181 506 1237; x_wconf 69' lang='lat' dir='ltr'>satoplnrssss</span> <span class='ocrx_word' id='word_1_2' title='bbox 526 1148 708 1236; x_wconf 83' lang='lat' dir='ltr'>l&#39;RAEMllS</span> <span class='ocrx_word' id='word_1_3' title='bbox 728 1182 958 1237; x_wconf 78' lang='lat' dir='ltr'>acADEMIcls</span> <span class='ocrx_word' id='word_1_4' title='bbox 976 1182 1148 1239; x_wconf 80' lang='lat' dir='ltr'>DlGNATl.</span> 
     </span>
    </p>
   </div>
   <div class='ocr_carea' id='block_1_2' title="bbox 200 1526 1211 2721">
    <p class='ocr_par' dir='ltr' id='par_1_2' title="bbox 201 1526 1211 2258">
     <span class='ocr_line' id='line_1_2' title="bbox 203 1526 1209 1588; baseline 0.001 -2"><span class='ocrx_word' id='word_1_5' title='bbox 203 1526 336 1587; x_wconf 66' lang='lat' dir='ltr'>&amp;nonan</span> <span class='ocrx_word' id='word_1_6' title='bbox 349 1528 464 1586; x_wconf 60' lang='lat' dir='ltr'>&amp;oran</span> <span class='ocrx_word' id='word_1_7' title='bbox 480 1529 675 1586; x_wconf 75' lang='lat' dir='ltr'>snomusm</span> <span class='ocrx_word' id='word_1_8' title='bbox 695 1527 828 1585; x_wconf 71' lang='lat' dir='ltr'>lirndavit</span> <span class='ocrx_word' id='word_1_9' title='bbox 844 1528 908 1586; x_wconf 86' lang='lat' dir='ltr'>Rex</span> <span class='ocrx_word' id='word_1_10' title='bbox 922 1528 1075 1588; x_wconf 83' lang='lat' dir='ltr'>Eduardus</span> <span class='ocrx_word' id='word_1_11' title='bbox 1090 1528 1209 1587; x_wconf 69' lang='lat' dir='ltr'>Sextiam</span> 
     </span>
     <span class='ocr_line' id='line_1_3' title="bbox 202 1620 1210 1699; baseline 0 -19"><span class='ocrx_word' id='word_1_12' title='bbox 202 1620 354 1699; x_wconf 84' lang='lat' dir='ltr'>vectigalia</span> <span class='ocrx_word' id='word_1_13' title='bbox 371 1621 433 1681; x_wconf 85' lang='lat' dir='ltr'>eius</span> <span class='ocrx_word' id='word_1_14' title='bbox 450 1621 533 1679; x_wconf 84' lang='lat' dir='ltr'>auxit</span> <span class='ocrx_word' id='word_1_15' title='bbox 549 1620 668 1678; x_wconf 90' lang='lat' dir='ltr'>dimidio</span> <span class='ocrx_word' id='word_1_16' title='bbox 683 1629 764 1678; x_wconf 84' lang='lat' dir='ltr'>tanto</span> <span class='ocrx_word' id='word_1_17' title='bbox 777 1620 945 1680; x_wconf 84' lang='lat' dir='ltr'>Elisabetha</span> <span class='ocrx_word' id='word_1_18' title='bbox 958 1622 1077 1698; x_wconf 86' lang='lat' dir='ltr'>Regina,</span> <span class='ocrx_word' id='word_1_19' title='bbox 1091 1641 1210 1698; x_wconf 85' lang='lat' dir='ltr'>eamqvc</span> 
     </span>
     <span class='ocr_line' id='line_1_4' title="bbox 203 1713 1211 1792; baseline 0.001 -20"><span class='ocrx_word' id='word_1_20' title='bbox 203 1716 245 1773; x_wconf 88' lang='lat' dir='ltr'>ita</span> <span class='ocrx_word' id='word_1_21' title='bbox 257 1715 369 1792; x_wconf 84' lang='lat' dir='ltr'>legibus</span> <span class='ocrx_word' id='word_1_22' title='bbox 383 1715 465 1774; x_wconf 90' lang='lat' dir='ltr'>bonis</span> <span class='ocrx_word' id='word_1_23' title='bbox 479 1715 615 1788; x_wconf 79' lang='lat' dir='ltr'>firmavit,</span> <span class='ocrx_word' id='word_1_24' title='bbox 628 1723 662 1772; x_wconf 89' lang='lat' dir='ltr'>ut</span> <span class='ocrx_word' id='word_1_25' title='bbox 675 1734 743 1775; x_wconf 84' lang='lat' dir='ltr'>vere</span> <span class='ocrx_word' id='word_1_26' title='bbox 756 1713 837 1774; x_wconf 86' lang='lat' dir='ltr'>fieret</span> <span class='ocrx_word' id='word_1_27' title='bbox 850 1714 965 1788; x_wconf 86' lang='lat' dir='ltr'>Libera,</span> <span class='ocrx_word' id='word_1_28' title='bbox 978 1715 1010 1772; x_wconf 93' lang='lat' dir='ltr'>id</span> <span class='ocrx_word' id='word_1_29' title='bbox 1028 1723 1079 1788; x_wconf 89' lang='lat' dir='ltr'>est,</span> <span class='ocrx_word' id='word_1_30' title='bbox 1093 1713 1211 1792; x_wconf 84' lang='lat' dir='ltr'>publica</span> 
     </span>
     <span class='ocr_line' id='line_1_5' title="bbox 203 1807 1210 1884; baseline -0.002 -17"><span class='ocrx_word' id='word_1_31' title='bbox 203 1816 232 1867; x_wconf 88' lang='lat' dir='ltr'>ct</span> <span class='ocrx_word' id='word_1_32' title='bbox 245 1807 357 1867; x_wconf 80' lang='lat' dir='ltr'>civibus</span> <span class='ocrx_word' id='word_1_33' title='bbox 370 1807 513 1866; x_wconf 87' lang='lat' dir='ltr'>universis</span> <span class='ocrx_word' id='word_1_34' title='bbox 526 1816 644 1884; x_wconf 86' lang='lat' dir='ltr'>patens:</span> <span class='ocrx_word' id='word_1_35' title='bbox 662 1826 747 1884; x_wconf 82' lang='lat' dir='ltr'>qvam</span> <span class='ocrx_word' id='word_1_36' title='bbox 760 1807 821 1864; x_wconf 85' lang='lat' dir='ltr'>vim</span> <span class='ocrx_word' id='word_1_37' title='bbox 838 1826 899 1867; x_wconf 85' lang='lat' dir='ltr'>esse</span> <span class='ocrx_word' id='word_1_38' title='bbox 914 1807 1057 1867; x_wconf 89' lang='lat' dir='ltr'>credimus</span> <span class='ocrx_word' id='word_1_39' title='bbox 1071 1807 1149 1866; x_wconf 88' lang='lat' dir='ltr'>vocis</span> <span class='ocrx_word' id='word_1_40' title='bbox 1162 1807 1210 1865; x_wconf 91' lang='lat' dir='ltr'>Li-</span> 
     </span>
     <span class='ocr_line' id='line_1_6' title="bbox 202 1899 1209 1978; baseline -0.001 -18"><span class='ocrx_word' id='word_1_41' title='bbox 202 1903 295 1960; x_wconf 79' lang='lat' dir='ltr'>berae</span> <span class='ocrx_word' id='word_1_42' title='bbox 330 1902 429 1978; x_wconf 86' lang='lat' dir='ltr'>Itaqve</span> <span class='ocrx_word' id='word_1_43' title='bbox 441 1899 695 1959; x_wconf 86' lang='lat' dir='ltr'>Archididascalus</span> <span class='ocrx_word' id='word_1_44' title='bbox 716 1900 778 1959; x_wconf 89' lang='lat' dir='ltr'>eius</span> <span class='ocrx_word' id='word_1_45' title='bbox 798 1899 909 1977; x_wconf 84' lang='lat' dir='ltr'>primns</span> <span class='ocrx_word' id='word_1_46' title='bbox 930 1901 1056 1959; x_wconf 87' lang='lat' dir='ltr'>Thomas</span> <span class='ocrx_word' id='word_1_47' title='bbox 1070 1901 1209 1974; x_wconf 64' lang='lat' dir='ltr'>Astonua</span> 
     </span>
     <span class='ocr_line' id='line_1_7' title="bbox 201 1993 1210 2072; baseline 0 -20"><span class='ocrx_word' id='word_1_48' title='bbox 201 1994 248 2052; x_wconf 85' lang='lat' dir='ltr'>vir</span> <span class='ocrx_word' id='word_1_49' title='bbox 267 1995 407 2071; x_wconf 86' lang='lat' dir='ltr'>egregius,</span> <span class='ocrx_word' id='word_1_50' title='bbox 420 2013 524 2053; x_wconf 87' lang='lat' dir='ltr'>novem</span> <span class='ocrx_word' id='word_1_51' title='bbox 542 1995 624 2052; x_wconf 88' lang='lat' dir='ltr'>annis</span> <span class='ocrx_word' id='word_1_52' title='bbox 638 1994 792 2072; x_wconf 87' lang='lat' dir='ltr'>discipulos</span> <span class='ocrx_word' id='word_1_53' title='bbox 809 1994 955 2071; x_wconf 86' lang='lat' dir='ltr'>inscripsit</span> <span class='ocrx_word' id='word_1_54' title='bbox 969 1993 1135 2072; x_wconf 77' lang='lat' dir='ltr'><strong>Oppidanos</strong></span> <span class='ocrx_word' id='word_1_55' title='bbox 1156 1993 1210 2052; x_wconf 92' lang='lat' dir='ltr'>du·</span> 
     </span>
     <span class='ocr_line' id='line_1_8' title="bbox 201 2086 1210 2166; baseline 0 -21"><span class='ocrx_word' id='word_1_56' title='bbox 201 2097 296 2146; x_wconf 91' lang='lat' dir='ltr'>centos</span> <span class='ocrx_word' id='word_1_57' title='bbox 314 2098 344 2148; x_wconf 89' lang='lat' dir='ltr'>et</span> <span class='ocrx_word' id='word_1_58' title='bbox 356 2088 483 2165; x_wconf 80' lang='lat' dir='ltr'>triginta,</span> <span class='ocrx_word' id='word_1_59' title='bbox 496 2087 616 2146; x_wconf 81' lang='lat' dir='ltr'>Alienos</span> <span class='ocrx_word' id='word_1_60' title='bbox 636 2097 734 2147; x_wconf 75' lang='lat' dir='ltr'>antem</span> <span class='ocrx_word' id='word_1_61' title='bbox 752 2086 957 2165; x_wconf 86' lang='lat' dir='ltr'>septingentos:</span> <span class='ocrx_word' id='word_1_62' title='bbox 978 2107 1100 2166; x_wconf 74' lang='lat' dir='ltr'>qaorum</span> <span class='ocrx_word' id='word_1_63' title='bbox 1120 2087 1210 2146; x_wconf 88' lang='lat' dir='ltr'>inlus-</span> 
     </span>
     <span class='ocr_line' id='line_1_9' title="bbox 201 2179 1208 2258; baseline 0 -19"><span class='ocrx_word' id='word_1_64' title='bbox 201 2180 337 2239; x_wconf 85' lang='lat' dir='ltr'>trissnma</span> <span class='ocrx_word' id='word_1_65' title='bbox 349 2181 407 2240; x_wconf 92' lang='lat' dir='ltr'>dno</span> <span class='ocrx_word' id='word_1_66' title='bbox 419 2180 537 2238; x_wconf 86' lang='lat' dir='ltr'>nomina</span> <span class='ocrx_word' id='word_1_67' title='bbox 550 2189 626 2254; x_wconf 74' lang='lat' dir='ltr'>stmt,</span> <span class='ocrx_word' id='word_1_68' title='bbox 640 2180 792 2258; x_wconf 79' lang='lat' dir='ltr'>Philippus</span> <span class='ocrx_word' id='word_1_69' title='bbox 807 2179 914 2258; x_wconf 87' lang='lat' dir='ltr'>Sidney</span> <span class='ocrx_word' id='word_1_70' title='bbox 927 2189 956 2238; x_wconf 90' lang='lat' dir='ltr'>et</span> <span class='ocrx_word' id='word_1_71' title='bbox 969 2180 1063 2239; x_wconf 86' lang='lat' dir='ltr'>Fulkc</span> <span class='ocrx_word' id='word_1_72' title='bbox 1073 2181 1208 2241; x_wconf 85' lang='lat' dir='ltr'>Greville.</span> 
     </span>
    </p>

    <p class='ocr_par' dir='ltr' id='par_1_3' title="bbox 200 2271 1210 2721">
     <span class='ocr_line' id='line_1_10' title="bbox 262 2271 1209 2352; baseline 0.003 -22"><span class='ocrx_word' id='word_1_73' title='bbox 262 2272 429 2351; x_wconf 84' lang='lat' dir='ltr'>‘Philippus</span> <span class='ocrx_word' id='word_1_74' title='bbox 449 2273 565 2352; x_wconf 85' lang='lat' dir='ltr'>Sidney,</span> <span class='ocrx_word' id='word_1_75' title='bbox 579 2272 655 2331; x_wconf 87' lang='lat' dir='ltr'>lilius</span> <span class='ocrx_word' id='word_1_76' title='bbox 676 2281 705 2332; x_wconf 86' lang='lat' dir='ltr'>et</span> <span class='ocrx_word' id='word_1_77' title='bbox 724 2272 808 2331; x_wconf 88' lang='lat' dir='ltr'>heres</span> <span class='ocrx_word' id='word_1_78' title='bbox 826 2271 946 2330; x_wconf 89' lang='lat' dir='ltr'>Henrici</span> <span class='ocrx_word' id='word_1_79' title='bbox 968 2272 1084 2352; x_wconf 88' lang='lat' dir='ltr'>Sidney,</span> <span class='ocrx_word' id='word_1_80' title='bbox 1098 2274 1209 2347; x_wconf 91' lang='lat' dir='ltr'>Militis,</span> 
     </span>
     <span class='ocr_line' id='line_1_11' title="bbox 200 2365 1210 2438; baseline 0 -13"><span class='ocrx_word' id='word_1_81' title='bbox 200 2365 237 2425; x_wconf 89' lang='lat' dir='ltr'>dc</span> <span class='ocrx_word' id='word_1_82' title='bbox 250 2366 407 2425; x_wconf 88' lang='lat' dir='ltr'>Penshurst</span> <span class='ocrx_word' id='word_1_83' title='bbox 426 2366 458 2423; x_wconf 93' lang='lat' dir='ltr'>in</span> <span class='ocrx_word' id='word_1_84' title='bbox 472 2366 617 2424; x_wconf 83' lang='lat' dir='ltr'>Comitatu</span> <span class='ocrx_word' id='word_1_85' title='bbox 631 2365 758 2438; x_wconf 73' lang='lat' dir='ltr'>Contine,</span> <span class='ocrx_word' id='word_1_86' title='bbox 774 2384 885 2424; x_wconf 78' lang='lat' dir='ltr'>necnon</span> <span class='ocrx_word' id='word_1_87' title='bbox 900 2365 1079 2425; x_wconf 78' lang='lat' dir='ltr'>serenissimi</span> <span class='ocrx_word' id='word_1_88' title='bbox 1093 2366 1210 2425; x_wconf 83' lang='lat' dir='ltr'>Ordinis</span> 
     </span>
     <span class='ocr_line' id='line_1_12' title="bbox 202 2458 1210 2537; baseline 0.001 -19"><span class='ocrx_word' id='word_1_89' title='bbox 202 2458 454 2531; x_wconf 83' lang='lat' dir='ltr'>GarteriiMilitis,’</span> <span class='ocrx_word' id='word_1_90' title='bbox 464 2458 570 2534; x_wconf 86' lang='lat' dir='ltr'>Regiae</span> <span class='ocrx_word' id='word_1_91' title='bbox 582 2458 702 2518; x_wconf 73' lang='lat' dir='ltr'>Schohc</span> <span class='ocrx_word' id='word_1_92' title='bbox 712 2458 883 2536; x_wconf 82' lang='lat' dir='ltr'>Sulopiensis</span> <span class='ocrx_word' id='word_1_93' title='bbox 894 2459 1042 2517; x_wconf 87' lang='lat' dir='ltr'>ordinibus</span> <span class='ocrx_word' id='word_1_94' title='bbox 1050 2459 1210 2537; x_wconf 87' lang='lat' dir='ltr'>adscriptus</span> 
     </span>
     <span class='ocr_line' id='line_1_13' title="bbox 203 2539 1210 2627; baseline 0 -17"><span class='ocrx_word' id='word_1_95' title='bbox 203 2560 246 2610; x_wconf 86' lang='lat' dir='ltr'>est</span> <span class='ocrx_word' id='word_1_96' title='bbox 263 2551 325 2608; x_wconf 81' lang='lat' dir='ltr'>ad</span> <span class='ocrx_word' id='word_1_97' title='bbox 340 2551 399 2609; x_wconf 82' lang='lat' dir='ltr'>xri</span> <span class='ocrx_word' id='word_1_98' title='bbox 417 2550 475 2608; x_wconf 77' lang='lat' dir='ltr'>eat</span> <span class='ocrx_word' id='word_1_99' title='bbox 491 2551 564 2608; x_wconf 86' lang='lat' dir='ltr'>Nov.</span> <span class='ocrx_word' id='word_1_100' title='bbox 580 2567 633 2610; x_wconf 67' lang='lat' dir='ltr'>as.</span> <span class='ocrx_word' id='word_1_101' title='bbox 648 2539 771 2627; x_wconf 36' lang='lat' dir='ltr'>mcx-fi,</span> <span class='ocrx_word' id='word_1_102' title='bbox 811 2551 868 2608; x_wconf 89' lang='lat' dir='ltr'>Pro</span> <span class='ocrx_word' id='word_1_103' title='bbox 882 2551 1058 2609; x_wconf 85' lang='lat' dir='ltr'>Batavorum</span> <span class='ocrx_word' id='word_1_104' title='bbox 1078 2551 1210 2610; x_wconf 82' lang='lat' dir='ltr'>libertate</span> 
     </span>
     <span class='ocr_line' id='line_1_14' title="bbox 200 2631 1208 2721; baseline 0 -19"><span class='ocrx_word' id='word_1_105' title='bbox 200 2645 322 2721; x_wconf 81' lang='lat' dir='ltr'>gloriose</span> <span class='ocrx_word' id='word_1_106' title='bbox 334 2662 465 2721; x_wconf 86' lang='lat' dir='ltr'>pugnans</span> <span class='ocrx_word' id='word_1_107' title='bbox 481 2642 584 2702; x_wconf 87' lang='lat' dir='ltr'>cecidit</span> <span class='ocrx_word' id='word_1_108' title='bbox 597 2644 705 2702; x_wconf 85' lang='lat' dir='ltr'>artium</span> <span class='ocrx_word' id='word_1_109' title='bbox 724 2652 839 2702; x_wconf 87' lang='lat' dir='ltr'>centurn</span> <span class='ocrx_word' id='word_1_110' title='bbox 852 2642 965 2703; x_wconf 86' lang='lat' dir='ltr'>iuvenis</span> <span class='ocrx_word' id='word_1_111' title='bbox 981 2661 1033 2703; x_wconf 72' lang='lat' dir='ltr'>as.</span> <span class='ocrx_word' id='word_1_112' title='bbox 1048 2631 1208 2704; x_wconf 61' lang='lat' dir='ltr'>ffi.</span> 
     </span>
    </p>
   </div>
   <div class='ocr_carea' id='block_1_3' title="bbox 114 2734 308 2816">
    <p class='ocr_par' dir='ltr' id='par_1_4' title="bbox 114 2734 308 2816">
     <span class='ocr_line' id='line_1_15' title="bbox 114 2734 308 2816; baseline -0.005 0"><span class='ocrx_word' id='word_1_113' title='bbox 114 2734 118 2739; x_wconf 83' lang='lat'>·</span> <span class='ocrx_word' id='word_1_114' title='bbox 202 2737 249 2816; x_wconf 75' lang='lat'>&lt;1²-</span> <span class='ocrx_word' id='word_1_115' title='bbox 263 2736 308 2815; x_wconf 73' lang='lat' dir='ltr'>s.)</span> 
     </span>
    </p>
   </div>
   <div class='ocr_carea' id='block_1_4' title="bbox 203 2829 1211 3467">
    <p class='ocr_par' dir='ltr' id='par_1_5' title="bbox 203 2829 1211 3467">
     <span class='ocr_line' id='line_1_16' title="bbox 264 2829 1210 2909; baseline 0 -20"><span class='ocrx_word' id='word_1_116' title='bbox 264 2830 374 2889; x_wconf 82' lang='lat' dir='ltr'>‘Fnlke</span> <span class='ocrx_word' id='word_1_117' title='bbox 396 2830 519 2909; x_wconf 82' lang='lat' dir='ltr'>Gryvill,</span> <span class='ocrx_word' id='word_1_118' title='bbox 539 2829 616 2888; x_wconf 88' lang='lat' dir='ltr'>filius</span> <span class='ocrx_word' id='word_1_119' title='bbox 641 2839 670 2888; x_wconf 88' lang='lat' dir='ltr'>et</span> <span class='ocrx_word' id='word_1_120' title='bbox 691 2830 774 2889; x_wconf 87' lang='lat' dir='ltr'>heres</span> <span class='ocrx_word' id='word_1_121' title='bbox 798 2829 886 2888; x_wconf 81' lang='lat' dir='ltr'>Fulki</span> <span class='ocrx_word' id='word_1_122' title='bbox 910 2829 1034 2909; x_wconf 82' lang='lat' dir='ltr'>Gryvill,</span> <span class='ocrx_word' id='word_1_123' title='bbox 1054 2830 1210 2907; x_wconf 85' lang='lat' dir='ltr'>Armigcri,</span> 
     </span>
     <span class='ocr_line' id='line_1_17' title="bbox 203 2921 1211 3000; baseline 0 -18"><span class='ocrx_word' id='word_1_124' title='bbox 203 2923 241 2982; x_wconf 88' lang='lat' dir='ltr'>ds</span> <span class='ocrx_word' id='word_1_125' title='bbox 263 2923 447 3000; x_wconf 86' lang='lat' dir='ltr'>Bcanchamp</span> <span class='ocrx_word' id='word_1_126' title='bbox 472 2922 561 2981; x_wconf 82' lang='lat' dir='ltr'>court</span> <span class='ocrx_word' id='word_1_127' title='bbox 583 2923 615 2980; x_wconf 93' lang='lat' dir='ltr'>in</span> <span class='ocrx_word' id='word_1_128' title='bbox 637 2923 782 2980; x_wconf 85' lang='lat' dir='ltr'>Comitatu</span> <span class='ocrx_word' id='word_1_129' title='bbox 802 2921 939 2995; x_wconf 86' lang='lat' dir='ltr'>Varvici,&#39;</span> <span class='ocrx_word' id='word_1_130' title='bbox 961 2923 1067 2999; x_wconf 84' lang='lat' dir='ltr'>Regiae</span> <span class='ocrx_word' id='word_1_131' title='bbox 1092 2923 1211 2982; x_wconf 80' lang='lat' dir='ltr'>Scholae</span> 
     </span>
     <span class='ocr_line' id='line_1_18' title="bbox 207 3015 1208 3094; baseline -0.001 -19"><span class='ocrx_word' id='word_1_132' title='bbox 207 3015 379 3092; x_wconf 85' lang='lat' dir='ltr'>Salopiensis</span> <span class='ocrx_word' id='word_1_133' title='bbox 401 3015 549 3075; x_wconf 88' lang='lat' dir='ltr'>ordinibus</span> <span class='ocrx_word' id='word_1_134' title='bbox 572 3016 732 3094; x_wconf 82' lang='lat' dir='ltr'>adscriptus</span> <span class='ocrx_word' id='word_1_135' title='bbox 754 3023 798 3074; x_wconf 89' lang='lat' dir='ltr'>est</span> <span class='ocrx_word' id='word_1_136' title='bbox 819 3015 881 3073; x_wconf 79' lang='lat' dir='ltr'>ad.</span> <span class='ocrx_word' id='word_1_137' title='bbox 897 3016 955 3073; x_wconf 87' lang='lat' dir='ltr'>xvi.</span> <span class='ocrx_word' id='word_1_138' title='bbox 980 3016 1039 3074; x_wconf 84' lang='lat' dir='ltr'>Cal.</span> <span class='ocrx_word' id='word_1_139' title='bbox 1061 3016 1135 3074; x_wconf 86' lang='lat' dir='ltr'>Nov.</span> <span class='ocrx_word' id='word_1_140' title='bbox 1156 3033 1208 3076; x_wconf 72' lang='lat' dir='ltr'>as.</span> 
     </span>
     <span class='ocr_line' id='line_1_19' title="bbox 205 3095 1211 3185; baseline 0.002 -19"><span class='ocrx_word' id='word_1_141' title='bbox 205 3095 335 3183; x_wconf 53' lang='lat' dir='ltr'>istriis,</span> <span class='ocrx_word' id='word_1_142' title='bbox 353 3109 411 3185; x_wconf 82' lang='lat' dir='ltr'>qvi,</span> <span class='ocrx_word' id='word_1_143' title='bbox 425 3127 511 3184; x_wconf 89' lang='lat' dir='ltr'>qvom</span> <span class='ocrx_word' id='word_1_144' title='bbox 523 3108 607 3166; x_wconf 89' lang='lat' dir='ltr'>titulo</span> <span class='ocrx_word' id='word_1_145' title='bbox 621 3116 651 3167; x_wconf 90' lang='lat' dir='ltr'>et</span> <span class='ocrx_word' id='word_1_146' title='bbox 663 3108 802 3184; x_wconf 86' lang='lat' dir='ltr'>dignitate</span> <span class='ocrx_word' id='word_1_147' title='bbox 815 3107 935 3165; x_wconf 76' lang='lat' dir='ltr'>Batonis</span> <span class='ocrx_word' id='word_1_148' title='bbox 949 3108 1045 3165; x_wconf 88' lang='lat' dir='ltr'>Brook</span> <span class='ocrx_word' id='word_1_149' title='bbox 1058 3107 1211 3185; x_wconf 84' lang='lat' dir='ltr'>insignitus</span> 
     </span>
     <span class='ocr_line' id='line_1_20' title="bbox 205 3186 1210 3278; baseline 0 -17"><span class='ocrx_word' id='word_1_150' title='bbox 205 3211 287 3276; x_wconf 83' lang='lat' dir='ltr'>esset,</span> <span class='ocrx_word' id='word_1_151' title='bbox 297 3201 456 3260; x_wconf 80' lang='lat' dir='ltr'>homicidae</span> <span class='ocrx_word' id='word_1_152' title='bbox 465 3220 555 3258; x_wconf 86' lang='lat' dir='ltr'>mann</span> <span class='ocrx_word' id='word_1_153' title='bbox 563 3201 681 3260; x_wconf 82' lang='lat' dir='ltr'>scelesta</span> <span class='ocrx_word' id='word_1_154' title='bbox 690 3200 793 3259; x_wconf 86' lang='lat' dir='ltr'>cecidit</span> <span class='ocrx_word' id='word_1_155' title='bbox 802 3217 854 3258; x_wconf 70' lang='lat' dir='ltr'>ns.</span> <span class='ocrx_word' id='word_1_156' title='bbox 866 3186 1041 3260; x_wconf 59' lang='lat' dir='ltr'>unffi:</span> <span class='ocrx_word' id='word_1_157' title='bbox 1050 3201 1096 3258; x_wconf 86' lang='lat' dir='ltr'>vir</span> <span class='ocrx_word' id='word_1_158' title='bbox 1103 3204 1210 3278; x_wconf 86' lang='lat' dir='ltr'>probus</span> 
     </span>
     <span class='ocr_line' id='line_1_21' title="bbox 205 3293 1211 3373; baseline 0 -19"><span class='ocrx_word' id='word_1_159' title='bbox 205 3304 234 3354; x_wconf 85' lang='lat' dir='ltr'>et</span> <span class='ocrx_word' id='word_1_160' title='bbox 243 3314 341 3372; x_wconf 65' lang='lat' dir='ltr'>sagn,</span> <span class='ocrx_word' id='word_1_161' title='bbox 351 3304 436 3373; x_wconf 80' lang='lat' dir='ltr'>poeta</span> <span class='ocrx_word' id='word_1_162' title='bbox 448 3295 571 3368; x_wconf 84' lang='lat' dir='ltr'>subtilis,</span> <span class='ocrx_word' id='word_1_163' title='bbox 581 3293 764 3353; x_wconf 81' lang='lat' dir='ltr'>Elisabethae</span> <span class='ocrx_word' id='word_1_164' title='bbox 774 3294 901 3370; x_wconf 85' lang='lat' dir='ltr'>Reginae</span> <span class='ocrx_word' id='word_1_165' title='bbox 914 3293 989 3353; x_wconf 89' lang='lat' dir='ltr'>inter</span> <span class='ocrx_word' id='word_1_166' title='bbox 999 3294 1155 3368; x_wconf 74' lang='lat' dir='ltr'>Ministros,</span> <span class='ocrx_word' id='word_1_167' title='bbox 1165 3296 1211 3354; x_wconf 89' lang='lat' dir='ltr'>Ia-</span> 
     </span>
     <span class='ocr_line' id='line_1_22' title="bbox 205 3386 1210 3467; baseline -0.002 -19"><span class='ocrx_word' id='word_1_168' title='bbox 205 3390 276 3448; x_wconf 88' lang='lat' dir='ltr'>cobo</span> <span class='ocrx_word' id='word_1_169' title='bbox 289 3389 362 3466; x_wconf 83' lang='lat' dir='ltr'>Regi</span> <span class='ocrx_word' id='word_1_170' title='bbox 375 3408 391 3448; x_wconf 87' lang='lat' dir='ltr'>e</span> <span class='ocrx_word' id='word_1_171' title='bbox 405 3388 538 3448; x_wconf 85' lang='lat' dir='ltr'>Consiliis</span> <span class='ocrx_word' id='word_1_172' title='bbox 551 3389 683 3461; x_wconf 86' lang='lat' dir='ltr'>intumis,</span> <span class='ocrx_word' id='word_1_173' title='bbox 698 3397 726 3446; x_wconf 86' lang='lat' dir='ltr'>et</span> <span class='ocrx_word' id='word_1_174' title='bbox 739 3387 867 3465; x_wconf 89' lang='lat' dir='ltr'>Philippi</span> <span class='ocrx_word' id='word_1_175' title='bbox 882 3386 991 3446; x_wconf 87' lang='lat' dir='ltr'>Sidneii</span> <span class='ocrx_word' id='word_1_176' title='bbox 1004 3387 1121 3445; x_wconf 80' lang='lat' dir='ltr'>amicus.</span> <span class='ocrx_word' id='word_1_177' title='bbox 1146 3387 1210 3467; x_wconf 92' lang='lat' dir='ltr'>(B.)</span> 
     </span>
    </p>
   </div>
   <div class='ocr_carea' id='block_1_5' title="bbox 139 3558 1212 4476">
    <p class='ocr_par' dir='ltr' id='par_1_6' title="bbox 139 3558 1212 4476">
     <span class='ocr_line' id='line_1_23' title="bbox 267 3558 1212 3637; baseline -0.001 -19"><span class='ocrx_word' id='word_1_178' title='bbox 267 3559 434 3637; x_wconf 75' lang='lat' dir='ltr'>catalogum</span> <span class='ocrx_word' id='word_1_179' title='bbox 454 3558 638 3632; x_wconf 87' lang='lat' dir='ltr'>subiecimus,</span> <span class='ocrx_word' id='word_1_180' title='bbox 662 3559 693 3617; x_wconf 91' lang='lat' dir='ltr'>in</span> <span class='ocrx_word' id='word_1_181' title='bbox 713 3579 769 3636; x_wconf 84' lang='lat' dir='ltr'>qvo</span> <span class='ocrx_word' id='word_1_182' title='bbox 790 3559 923 3618; x_wconf 86' lang='lat' dir='ltr'>recensiti</span> <span class='ocrx_word' id='word_1_183' title='bbox 943 3566 1011 3618; x_wconf 89' lang='lat' dir='ltr'>sunt</span> <span class='ocrx_word' id='word_1_184' title='bbox 1032 3579 1129 3618; x_wconf 86' lang='lat' dir='ltr'>omnes</span> <span class='ocrx_word' id='word_1_185' title='bbox 1152 3559 1212 3618; x_wconf 84' lang='lat' dir='ltr'>fere</span> 
     </span>
     <span class='ocr_line' id='line_1_24' title="bbox 207 3652 1212 3731; baseline 0 -19"><span class='ocrx_word' id='word_1_186' title='bbox 207 3652 383 3731; x_wconf 83' lang='lat' dir='ltr'>Salopienses</span> <span class='ocrx_word' id='word_1_187' title='bbox 405 3653 494 3712; x_wconf 89' lang='lat' dir='ltr'>huius</span> <span class='ocrx_word' id='word_1_188' title='bbox 521 3652 610 3711; x_wconf 87' lang='lat' dir='ltr'>seculi</span> <span class='ocrx_word' id='word_1_189' title='bbox 632 3652 681 3729; x_wconf 82' lang='lat' dir='ltr'>qvi</span> <span class='ocrx_word' id='word_1_190' title='bbox 706 3652 737 3710; x_wconf 89' lang='lat' dir='ltr'>in</span> <span class='ocrx_word' id='word_1_191' title='bbox 759 3654 854 3711; x_wconf 89' lang='lat' dir='ltr'>sinum</span> <span class='ocrx_word' id='word_1_192' title='bbox 876 3652 1093 3730; x_wconf 82' lang='lat' dir='ltr'>societatemqve</span> <span class='ocrx_word' id='word_1_193' title='bbox 1120 3653 1212 3712; x_wconf 83' lang='lat' dir='ltr'>Colle·</span> 
     </span>
     <span class='ocr_line' id='line_1_25' title="bbox 204 3744 1212 3823; baseline 0.001 -19"><span class='ocrx_word' id='word_1_194' title='bbox 204 3747 327 3822; x_wconf 77' lang='lat' dir='ltr'>giorum,</span> <span class='ocrx_word' id='word_1_195' title='bbox 341 3746 401 3806; x_wconf 86' lang='lat' dir='ltr'>sive</span> <span class='ocrx_word' id='word_1_196' title='bbox 415 3747 564 3806; x_wconf 73' lang='lat' dir='ltr'>Sociorum</span> <span class='ocrx_word' id='word_1_197' title='bbox 585 3744 645 3804; x_wconf 87' lang='lat' dir='ltr'>sive</span> <span class='ocrx_word' id='word_1_198' title='bbox 660 3744 841 3805; x_wconf 71' lang='lat' dir='ltr'>scholarium</span> <span class='ocrx_word' id='word_1_199' title='bbox 860 3747 986 3819; x_wconf 88' lang='lat' dir='ltr'>nomine,</span> <span class='ocrx_word' id='word_1_200' title='bbox 1007 3745 1113 3823; x_wconf 85' lang='lat' dir='ltr'>recepti</span> <span class='ocrx_word' id='word_1_201' title='bbox 1131 3756 1212 3805; x_wconf 88' lang='lat' dir='ltr'>sunt:</span> 
     </span>
     <span class='ocr_line' id='line_1_26' title="bbox 206 3838 1212 3914; baseline 0.003 -19"><span class='ocrx_word' id='word_1_202' title='bbox 206 3839 255 3914; x_wconf 82' lang='lat' dir='ltr'>qvi</span> <span class='ocrx_word' id='word_1_203' title='bbox 267 3838 298 3896; x_wconf 91' lang='lat' dir='ltr'>in</span> <span class='ocrx_word' id='word_1_204' title='bbox 310 3839 411 3897; x_wconf 85' lang='lat' dir='ltr'>Prima</span> <span class='ocrx_word' id='word_1_205' title='bbox 423 3849 474 3899; x_wconf 84' lang='lat' dir='ltr'>aut</span> <span class='ocrx_word' id='word_1_206' title='bbox 488 3839 619 3900; x_wconf 83' lang='lat' dir='ltr'>Secunda</span> <span class='ocrx_word' id='word_1_207' title='bbox 633 3838 724 3898; x_wconf 88' lang='lat' dir='ltr'>Classi</span> <span class='ocrx_word' id='word_1_208' title='bbox 738 3838 799 3897; x_wconf 85' lang='lat' dir='ltr'>sive</span> <span class='ocrx_word' id='word_1_209' title='bbox 811 3839 987 3898; x_wconf 80' lang='lat' dir='ltr'>Litterarum</span> <span class='ocrx_word' id='word_1_210' title='bbox 999 3838 1212 3898; x_wconf 87' lang='lat' dir='ltr'>Humaniorum</span> 
     </span>
     <span class='ocr_line' id='line_1_27' title="bbox 205 3930 1212 4009; baseline 0.001 -21"><span class='ocrx_word' id='word_1_211' title='bbox 205 3930 266 3990; x_wconf 83' lang='lat' dir='ltr'>sive</span> <span class='ocrx_word' id='word_1_212' title='bbox 278 3931 504 4009; x_wconf 83' lang='lat' dir='ltr'>Disciplinamm</span> <span class='ocrx_word' id='word_1_213' title='bbox 517 3931 788 3991; x_wconf 83' lang='lat' dir='ltr'>Mathematicamm</span> <span class='ocrx_word' id='word_1_214' title='bbox 802 3932 931 3990; x_wconf 88' lang='lat' dir='ltr'>collocati</span> <span class='ocrx_word' id='word_1_215' title='bbox 949 3940 1029 3990; x_wconf 90' lang='lat' dir='ltr'>sunt:</span> <span class='ocrx_word' id='word_1_216' title='bbox 1052 3932 1101 4008; x_wconf 87' lang='lat' dir='ltr'>qvi</span> <span class='ocrx_word' id='word_1_217' title='bbox 1114 3933 1212 3990; x_wconf 84' lang='lat' dir='ltr'>Flores</span> 
     </span>
     <span class='ocr_line' id='line_1_28' title="bbox 205 4023 1212 4085; baseline 0.003 -4"><span class='ocrx_word' id='word_1_218' title='bbox 205 4023 242 4081; x_wconf 75' lang='lat' dir='ltr'>ad</span> <span class='ocrx_word' id='word_1_219' title='bbox 253 4023 392 4085; x_wconf 74' lang='lat' dir='ltr'>sabrinae</span> <span class='ocrx_word' id='word_1_220' title='bbox 402 4026 544 4085; x_wconf 84' lang='lat' dir='ltr'>Corollam</span> <span class='ocrx_word' id='word_1_221' title='bbox 554 4026 749 4084; x_wconf 74' lang='lat' dir='ltr'>conttrlernnt:</span> <span class='ocrx_word' id='word_1_222' title='bbox 760 4045 872 4084; x_wconf 85' lang='lat' dir='ltr'>necnon</span> <span class='ocrx_word' id='word_1_223' title='bbox 884 4045 976 4083; x_wconf 89' lang='lat' dir='ltr'>unum</span> <span class='ocrx_word' id='word_1_224' title='bbox 989 4026 1115 4084; x_wconf 78' lang='lat' dir='ltr'>fortassis</span> <span class='ocrx_word' id='word_1_225' title='bbox 1126 4027 1212 4085; x_wconf 85' lang='lat' dir='ltr'>alter·</span> 
     </span>
     <span class='ocr_line' id='line_1_29' title="bbox 203 4117 1211 4196; baseline 0.002 -22"><span class='ocrx_word' id='word_1_226' title='bbox 203 4135 318 4193; x_wconf 71' lang='lat' dir='ltr'>umque,</span> <span class='ocrx_word' id='word_1_227' title='bbox 326 4117 377 4194; x_wconf 92' lang='lat' dir='ltr'>qui</span> <span class='ocrx_word' id='word_1_228' title='bbox 389 4118 422 4176; x_wconf 95' lang='lat' dir='ltr'>in</span> <span class='ocrx_word' id='word_1_229' title='bbox 435 4118 491 4176; x_wconf 86' lang='lat' dir='ltr'>alio</span> <span class='ocrx_word' id='word_1_230' title='bbox 503 4137 606 4194; x_wconf 84' lang='lat' dir='ltr'>genere</span> <span class='ocrx_word' id='word_1_231' title='bbox 616 4118 733 4176; x_wconf 86' lang='lat' dir='ltr'>laudem</span> <span class='ocrx_word' id='word_1_232' title='bbox 742 4117 820 4176; x_wconf 86' lang='lat' dir='ltr'>nacti</span> <span class='ocrx_word' id='word_1_233' title='bbox 834 4127 909 4176; x_wconf 88' lang='lat' dir='ltr'>sunt.</span> <span class='ocrx_word' id='word_1_234' title='bbox 945 4118 1036 4186; x_wconf 79' lang='lat' dir='ltr'>Qvem</span> <span class='ocrx_word' id='word_1_235' title='bbox 1049 4119 1211 4196; x_wconf 79' lang='lat' dir='ltr'>catalogum</span> 
     </span>
     <span class='ocr_line' id='line_1_30' title="bbox 205 4210 1212 4289; baseline 0.003 -22"><span class='ocrx_word' id='word_1_236' title='bbox 205 4210 247 4268; x_wconf 89' lang='lat' dir='ltr'>ita</span> <span class='ocrx_word' id='word_1_237' title='bbox 264 4211 473 4285; x_wconf 85' lang='lat' dir='ltr'>constituimus,</span> <span class='ocrx_word' id='word_1_238' title='bbox 491 4221 525 4269; x_wconf 89' lang='lat' dir='ltr'>ut</span> <span class='ocrx_word' id='word_1_239' title='bbox 540 4211 677 4289; x_wconf 71' lang='lat' dir='ltr'>cuiusque</span> <span class='ocrx_word' id='word_1_240' title='bbox 699 4211 868 4288; x_wconf 85' lang='lat' dir='ltr'>Collegium,</span> <span class='ocrx_word' id='word_1_241' title='bbox 888 4210 1085 4283; x_wconf 84' lang='lat' dir='ltr'>Academiam,</span> <span class='ocrx_word' id='word_1_242' title='bbox 1105 4220 1212 4270; x_wconf 84' lang='lat' dir='ltr'>statum</span> 
     </span>
     <span class='ocr_line' id='line_1_31' title="bbox 139 4303 1211 4381; baseline 0.002 -21"><span class='ocrx_word' id='word_1_243' title='bbox 139 4321 142 4325; x_wconf 80' lang='grc'><strong><em>’</em></strong></span> <span class='ocrx_word' id='word_1_244' title='bbox 204 4303 379 4379; x_wconf 87' lang='lat' dir='ltr'>collegialem</span> <span class='ocrx_word' id='word_1_245' title='bbox 389 4304 593 4363; x_wconf 87' lang='lat' dir='ltr'>indicaremus:</span> <span class='ocrx_word' id='word_1_246' title='bbox 603 4304 705 4365; x_wconf 90' lang='lat' dir='ltr'>deinde</span> <span class='ocrx_word' id='word_1_247' title='bbox 713 4325 822 4363; x_wconf 86' lang='lat' dir='ltr'>annum</span> <span class='ocrx_word' id='word_1_248' title='bbox 832 4323 887 4381; x_wconf 84' lang='lat' dir='ltr'>qvo</span> <span class='ocrx_word' id='word_1_249' title='bbox 898 4303 1082 4362; x_wconf 77' lang='lat' dir='ltr'>Baeculamei</span> <span class='ocrx_word' id='word_1_250' title='bbox 1090 4304 1211 4380; x_wconf 83' lang='lat' dir='ltr'>gradum</span> 
     </span>
     <span class='ocr_line' id='line_1_32' title="bbox 203 4396 1211 4476; baseline 0.003 -24"><span class='ocrx_word' id='word_1_251' title='bbox 203 4405 392 4473; x_wconf 73' lang='lat' dir='ltr'>consequutus</span> <span class='ocrx_word' id='word_1_252' title='bbox 401 4398 451 4458; x_wconf 89' lang='lat' dir='ltr'>sit:</span> <span class='ocrx_word' id='word_1_253' title='bbox 466 4397 587 4474; x_wconf 72' lang='lat' dir='ltr'>denique</span> <span class='ocrx_word' id='word_1_254' title='bbox 599 4399 673 4476; x_wconf 85' lang='lat' dir='ltr'>sigla</span> <span class='ocrx_word' id='word_1_255' title='bbox 682 4418 852 4476; x_wconf 88' lang='lat' dir='ltr'>poneremus</span> <span class='ocrx_word' id='word_1_256' title='bbox 862 4418 972 4472; x_wconf 87' lang='lat' dir='ltr'>corum,</span> <span class='ocrx_word' id='word_1_257' title='bbox 980 4396 1029 4474; x_wconf 86' lang='lat' dir='ltr'>qvi</span> <span class='ocrx_word' id='word_1_258' title='bbox 1037 4396 1134 4455; x_wconf 87' lang='lat' dir='ltr'>Flores</span> <span class='ocrx_word' id='word_1_259' title='bbox 1144 4416 1211 4455; x_wconf 91' lang='lat' dir='ltr'>con·</span> 
     </span>
    </p>
   </div>
   <div class='ocr_carea' id='block_1_6' title="bbox 205 4488 723 4634">
    <p class='ocr_par' dir='ltr' id='par_1_7' title="bbox 205 4488 723 4634">
     <span class='ocr_line' id='line_1_33' title="bbox 205 4488 723 4634; baseline 0.01 -88"><span class='ocrx_word' id='word_1_260' title='bbox 205 4488 341 4547; x_wconf 71' lang='lat' dir='ltr'>oderunt.</span> <span class='ocrx_word' id='word_1_261' title='bbox 703 4572 723 4634; x_wconf 78' lang='lat' dir='ltr'>b</span> 
     </span>
    </p>
   </div>
   <div class='ocr_carea' id='block_1_7' title="bbox 0 0 1427 5340">
    <p class='ocr_par' dir='ltr' id='par_1_8' title="bbox 0 0 1427 5340">
     <span class='ocr_line' id='line_1_34' title="bbox 0 0 1427 5340; baseline 0 0"><span class='ocrx_word' id='word_1_262' title='bbox 0 0 1427 5340; x_wconf 95' lang='lat' dir='ltr'> </span> 
     </span>
    </p>
   </div>
  </div>
 </body>
</html>
