2834 5340
230 807 279 858 rao
504 767 509 775 ’
545 804 730 854 aroanna
749 804 925 854 corconna,

469 1116 599 1192 Nouae
615 1118 761 1191 redeant
779 1115 1003 1190 Decembres.

278 1292 385 1359 Qvom
399 1290 480 1376 lapsi
494 1291 631 1354 redeunt
646 1312 772 1354 menses
787 1289 969 1373 festumqve
984 1287 1176 1364 Decembre,

320 1395 417 1458 Anna
431 1392 566 1458 culinari
580 1400 750 1478 praeparat
764 1402 832 1456 arte
848 1392 955 1476 dapes.
1088 1392 1093 1401 '

275 1497 366 1561 Exta
379 1498 479 1560 boum
494 1497 529 1560 in
543 1507 650 1581 partes
665 1495 856 1559 scinduntur
871 1494 978 1580 opima
990 1492 1141 1570 minutas,

321 1600 408 1665 Hinc
423 1599 499 1665 inde
514 1600 641 1665 arvinae
655 1599 786 1684 pingvia
799 1599 902 1662 frusta
916 1598 1046 1664 micant.

277 1702 410 1766 Ductile
425 1702 553 1767 triticeo
568 1702 724 1787 butyrum
738 1701 871 1786 pulvere
886 1701 1010 1778 miscet,

321 1804 577 1889 Glutineumqve
590 1803 692 1868 habili
706 1802 824 1889 pollice
838 1803 957 1868 format
972 1826 1063 1888 opus.

279 1908 328 1972 Ut
341 1908 444 1992 sapiat
457 1909 551 1986 bene,
567 1930 681 1992 pruna,
697 1930 833 1985 merum,
849 1906 983 1971 bellaria
996 1905 1141 1991 qaaerit3

321 2009 407 2074 Turn
421 2010 530 2074 madet
542 2010 649 2073 infusa
661 2009 771 2074 flexile
786 2009 898 2095 gluten
913 2031 1004 2095 aqva.

277 2110 386 2196 Erigit
400 2121 433 2176 et
446 2113 540 2176 niveo
557 2111 701 2176 Cerealia
716 2112 843 2176 moenia
856 2112 959 2177 ferret

323 2214 436 2298 Surgit
450 2215 582 2278 odorato
597 2237 700 2279 massa
713 2215 853 2279 rotunda
869 2215 951 2281 sinu.

279 2315 370 2381 Haec
385 2317 487 2383 bona:
511 2319 569 2382 sed
583 2318 747 2383 stomacho
762 2318 877 2382 melior
891 2317 1015 2383 fultura
1029 2317 1134 2382 voraci

321 2420 462 2485 Fumant
476 2421 645 2507 supposito
659 2421 763 2485 frusta
777 2422 894 2486 bovina
907 2422 991 2488 foco

280 2522 332 2586 Ne
348 2522 508 2588 melimela
523 2525 645 2610 aliqvis,
663 2547 704 2588 ne
718 2525 934 2608 pulmentaria
949 2535 1090 2610 quaerat,

323 2626 399 2690 Neu
415 2650 490 2710 qvas
505 2638 645 2691 ostentat
660 2627 787 2692 Gallica
801 2650 910 2691 mensa
925 2628 1031 2712 dapes.

279 2727 470 2792 Adtenuent
484 2729 593 2793 hostes
607 2730 739 2794 bellaria
753 2754 875 2810 macra3
901 2729 1065 2795 Britannis

322 2829 414 2894 Haec
429 2854 530 2909 crura,
546 2832 605 2895 hos
620 2832 770 2897 humeros
785 2844 874 2918 terga
889 2835 1005 2898 dedere
1021 2833 1132 2897 boum.

281 2931 334 2996 Sic
349 2934 442 2997 nobis
458 2934 562 3019 epulis
576 2934 623 2997 fas
638 2934 807 2998 indulsisse
823 2936 1010 3021 quotannis3

324 3036 406 3099 Cum
421 3035 504 3099 festa
518 3038 656 3100 redeunt
671 3048 816 3121 tempora
830 3038 912 3102 festa
930 3039 1020 3123 dape.

279 3136 410 3221 Iamqve
424 3137 497 3201 foco
513 3138 663 3223 lymphae
678 3163 795 3225 purum
812 3139 968 3205 fervescat
982 3140 1141 3216 ahenum3

322 3240 435 3305 Indica
447 3241 511 3304 vim
527 3244 648 3327 proprii
665 3244 720 3307 det
734 3245 813 3308 mihi
829 3268 929 3309 canna
943 3244 1032 3309 meri.

278 3341 425 3406 Mellitos
440 3344 552 3408 eadem
567 3345 710 3410 destillet
724 3370 825 3411 canna
839 3370 985 3431 sapores;

322 3446 412 3510 ane
426 3447 572 3511 redolens
587 3449 682 3513 detur
694 3473 802 3513 aroma
816 3451 926 3527 nucis3

281 3549 382 3612 Poma
397 3548 474 3612 elisa
487 3549 593 3613 acidos
608 3551 758 3615 emittant
773 3551 872 3615 citrea
886 3574 1014 3630 succos3

324 3650 432 3733 Digna
447 3652 515 3714 viro
530 3664 606 3716 sunt
620 3653 697 3716 haec
712 3653 837 3738 pocula,
856 3655 952 3737 digna
968 3655 1038 3720 deo.

282 3754 368 3818 Sunt
383 3753 478 3816 etiam
492 3755 576 3818 nivei
593 3754 646 3839 qvi
661 3755 796 3819 miscent
810 3756 944 3819 flumina
959 3755 1068 3833 lactis3

323 3855 464 3940 Qvisqve
480 3878 574 3920 suum
590 3857 713 3941 capiat3
737 3881 788 3920 me
804 3857 871 3920 sine
886 3856 968 3921 lacte
983 3858 1083 3922 iuvat.

280 3956 372 4021 Haec
386 3979 450 4019 non
465 3957 593 4022 vinosus
607 3958 732 4023 fastidit
746 3959 862 4043 pocula
877 3959 996 4038 Rufus,

323 4059 413 4123 Haec
430 4083 564 4144 qvoqve,
581 4061 623 4124 sit
639 4062 780 4145 qvamvis
796 4062 913 4139 sobria,
931 4061 1056 4147 Phyllis
1071 4071 1176 4126 amatr

280 4164 407 4247 Nempe
422 4162 526 4247 liqvor
540 4165 664 4228 mixtus
681 4165 769 4229 cordi
785 4165 823 4227 fit
837 4165 976 4250 utrique,
993 4164 1112 4228 bibisse

323 4264 438 4328 Altera
453 4267 530 4330 dum
544 4266 655 4330 vinum
670 4290 703 4330 se
718 4277 825 4350 negat,
841 4266 922 4330 alter·
936 4289 1059 4352 aquam.

1044 4369 1075 4425 C.
1090 4370 1118 4426 J.
1134 4369 1168 4425 Τ.
