2834 5340
493 781 678 834 mlum:
695 780 868 832 COROLLA.

557 1039 800 1116 Prometheus.

269 1222 342 1288 Οὐκ
355 1222 488 1306 άμπνοή
503 1246 564 1302 τις,
581 1222 620 1288 οὐ
633 1218 833 1304 μεταλλαγὴ
845 1215 966 1302 πόνων,

268 1326 329 1392 οόκ
344 1324 450 1396 ε’λπίς·
472 1321 553 1389 ἀλλ’
570 1321 617 1391 έθ
633 1323 734 1408 οὑμὸς
747 1322 882 1413 ἀντέχει
895 1323 981 1403 βίας·

270 1427 404 1511 καὶμὴν
417 1426 518 1494 πέδον
532 1432 593 1512 γῆς
608 1425 701 1511 τῆσδ’
717 1427 806 1512 ὅμως
819 1426 1028 1516 μαρτύρομαι

269 1529 347 1599 οἵων
361 1533 464 1619 ὄρειοι
478 1535 606 1618 πρῶνες
620 1531 786 1617 ᾔσθηνται
802 1534 920 1597 κακῶν·

269 1635 325 1700 καὶ
340 1635 397 1701 τὸν
410 1637 585 1716 πανόπτην
600 1633 694 1708 τόνδε
709 1632 886 1720 δέρκεσθαι
902 1635 996 1700 καλῶ

271 1737 306 1804 ἐν
319 1739 445 1826 οὐρανῷ
459 1736 642 1826 φλέγοντος
656 1737 755 1819 ἡλίου
768 1736 902 1817 κύκλον,

271 1840 327 1906 καὶ
341 1840 462 1908 πόντον
478 1840 601 1908 εὕδοντ’
617 1841 639 1924 ἢ
656 1841 739 1924 ζάλῃ
755 1837 942 1922 κινούμενον

272 1944 443 2033 άείρρυτον
456 1946 627 2033 μόρφωμα
641 1946 705 2010 τῶν
718 1942 785 2009 άνω
801 1943 913 2008 τόπων

272 2046 373 2136 ἔνερθ’
389 2047 658 2138 άναπτνχθέντα·
682 2049 751 2129 μῶν
767 2045 847 2130 ἐμάς
862 2044 940 2116 δόας

272 2151 329 2217 καὶ
344 2149 427 2239 κῶφ’
440 2150 530 2235 ὅμως
545 2150 588 2217 τά
603 2147 720 2233 κύματ’
738 2149 797 2214 οὐκ
812 2149 973 2230 άκήκοεν;

272 2252 295 2320 δ
309 2252 340 2319 ἅ·
365 2254 405 2320 ἔα
420 2253 469 2320 ἔα.

271 2355 336 2423 αἰεὶ
349 2355 503 2445 μαραίνει
516 2352 551 2437 μ’
567 2354 673 2439 ἄλγος
688 2355 748 2421 οὐκ
762 2351 961 2444 ἀνασχετόν.

271 2460 416 2548 λόγχαις
430 2457 583 2545 άτρότοις
599 2457 653 2540 ὥς,
669 2457 876 2546 ἐφέρποισαι
891 2457 1015 2546 λάθρα,

272 2558 574 2649 κρυσταλλοπῆγές
587 2558 622 2642 μ’
638 2559 711 2626 ame
726 2564 898 2626 κεντοῦσιν
911 2559 998 2647 ῥοαί·

273 2665 393 2749 δεσμοὶ
407 2663 443 2730 δὲ
457 2663 691 2753 παχνωθέντες
706 2663 749 2734 ὡς
762 2664 867 2751 πυρὸς
881 2663 994 2749 γνάθῳ

274 2767 436 2834 δάπτουσ’
452 2767 485 2837 ές
499 2765 590 2854 ἧπαρ
606 2768 735 2854 σάρκας
751 2765 992 2849 ε’κθοινάμενοι·

274 2871 356 2950 Ζεῶ,
373 2869 431 2942 σὸς
447 2867 473 2934 δ’
490 2869 636 2953 ἀμύσσει
652 2867 791 2955 καρδίαν
805 2867 928 2950 πτηνὸς
943 2867 1029 2935 κίων

276 2973 315 3058 ἴῳ
329 2972 469 3054 μιαίνων
483 2975 600 3061 χεῖλος
615 2969 862 3055 αἱματοστωγὲς

275 3077 341 3140 τῶν
356 3077 425 3140 σῶν
439 3071 548 3159 ῥέοντι
562 3073 644 3139 κούκ
659 3071 717 3139 ἀπ’
733 3072 861 3140 οἰκείων
875 3072 1017 3155 γνάθων.

276 3177 376 3265 ὄψεις
391 3175 418 3242 δ’
433 3176 581 3264 άμορφοι
595 3180 825 3250 πολυπλανεΐς
841 3176 979 3265 φοιτῶσ’
995 3176 1059 3257 άεί,

277 3279 319 3346 τά
333 3277 467 3368 σμέρδν’
483 3277 616 3367 ὀνείρων
631 3278 874 3367 δυσπρόσοπτα
889 3280 1065 3366 φάσματα,

277 3385 519 3468 ἐπεγγελῶσαι·
542 3387 612 3455 τοῖς
626 3381 653 3448 δ’
669 3382 780 3472 ἔνερθε
794 3383 959 3468 δαίμοσιν,

277 3487 312 3553 οἳ
323 3491 385 3571 γῆν
400 3484 592 3567 σαλεύονσ’,
609 3486 732 3552 ἑλκέων
746 3485 955 3575 φονορρότων

277 3589 379 3663 πέδας
393 3591 554 3658 άποσπόν
569 3587 739 3677 διατόρους
754 3590 958 3658 ἐντέλλεται.

998 3691 1135 3750 RMQ

552 3806 821 3818 --.

346 3952 383 4025 Τ
376 3953 610 4053 ναροιάοιιιιιι
629 3949 816 4028 Certamen
834 3954 1042 4052 ambigvum.

215 4137 300 4203 ὶστε
315 4136 401 4219 θεόν,
414 4136 561 4223 σέβομέν
572 4164 613 4203 σε
626 4135 700 4222 μέγ’
713 4135 842 4226 ἔξοχον,
855 4136 998 4221 Ἀγγλε,
1008 4132 1196 4224 τραγῳδῶν·

280 4244 352 4313 πῶς
367 4241 403 4308 δὲ
418 4244 511 4308 καλῶ
526 4240 557 4306 σ’
574 4241 684 4307 ἄλλον
699 4239 860 4328 δεύτερον,
877 4239 902 4308 ὦ
918 4238 1093 4325 Σόφοκλες
1102 4264 1112 4316 3

968 4343 1157 4404 EAOEM
