2834 5340
494 843 677 895 SABRINAE
695 842 870 894 COROLLA.

595 1359 770 1434 Amemus.

180 1579 267 1644 Mira
279 1579 402 1663 loqvor,
418 1577 568 1656 conviva3
585 1577 641 1641 sed
655 1576 732 1641 olim
747 1578 781 1642 in
796 1601 952 1644 marmore
967 1592 1056 1645 vasto

181 1681 276 1746 Solus
290 1704 378 1746 eram
390 1703 528 1744 mecum.
574 1680 655 1744 Tam
669 1681 737 1744 solo
751 1680 787 1744 in
801 1704 957 1746 marmore
973 1684 1033 1747 soli

179 1783 250 1849 vix
265 1793 313 1848 est
327 1783 412 1848 visus
426 1783 474 1846 ibi
487 1804 637 1867 praesens
650 1781 752 1848 Deus,
798 1783 886 1868 Ergo
901 1783 1072 1870 hymenaei

180 1884 320 1952 Dulcius
334 1897 383 1951 est
395 1886 496 1965 festis,
512 1887 607 1971 longe
621 1886 701 1949 mihi
716 1885 853 1965 dulcius,
869 1887 916 1950 ire

182 1988 237 2052 Ad
251 1988 386 2053 delubra
398 1987 474 2068 Dei,
490 2011 606 2072 magna
620 1988 792 2052 comitante
807 1999 950 2068 caterva3

182 2090 236 2156 Ire
249 2093 319 2177 pias
333 2114 397 2157 una
410 2101 484 2157 ante
499 2115 568 2156 aras
583 2114 708 2177 unaqve
722 2093 858 2176 precari,

182 2193 272 2259 Dum
285 2216 392 2280 genua
405 2205 536 2259 aeterno
550 2195 687 2259 flectunt
699 2218 757 2259 sua
771 2194 902 2281 qvisqve
918 2196 1050 2261 Parenti

183 2297 409 2383 Longaeviqve
423 2320 514 2363 senes
528 2298 692 2384 iunctiqve
706 2298 741 2361 in
755 2322 862 2363 amore
877 2300 1014 2380 sodales,

184 2399 330 2465 Infantes
344 2400 499 2486 pueriqve
512 2400 630 2465 hilares
643 2400 822 2487 hilaresqve
836 2403 976 2489 puellae.

183 2503 319 2589 Jamqve
332 2503 422 2583 vale3
446 2504 502 2569 sed
517 2506 609 2569 crede
624 2504 714 2583 mihi,
732 2505 873 2584 conviva,
889 2509 1044 2573 monenti.

186 2606 336 2692 Concipit
349 2605 402 2671 hic
415 2606 471 2695 pia
485 2617 569 2686 vota,
584 2607 640 2691 pio
656 2607 710 2692 qvi
723 2619 854 2692 pectore
870 2621 962 2673 curat

186 2709 437 2796 Humanumqve
451 2733 554 2795 genus
568 2710 774 2796 volucresqve
790 2722 823 2775 et
838 2712 921 2776 secla
935 2713 1093 2779 ferarum:

187 2810 330 2898 Optuma
342 2823 418 2877 vota
430 2812 519 2892 facit,
535 2813 588 2877 cui
602 2823 679 2877 nunt
693 2812 864 2878 carissuma
878 2826 1036 2901 qvotqvot

187 2914 287 2980 Hunc
300 2906 459 2994 habitant,
475 2937 533 2979 seu
547 2939 662 3001 magna
676 2915 769 2995 sient,
786 2939 843 2981 seu
858 2918 976 2997 tenvia,
993 2919 1159 2983 mundum.

187 3016 273 3081 Nam
287 3017 392 3106 bonus
405 3017 461 3081 ille
476 3004 580 3097 Deus,⁴
595 3019 648 3104 qvi
663 3041 721 3084 nos
736 3030 832 3098 amat,
848 3021 955 3085 omnia
969 3021 1058 3101 fecit,

163 3195 168 3204 ,
188 3119 417 3208 Constantiqve
433 3121 544 3185 eadem
559 3113 674 3201 ser'vat,
691 3144 770 3208 qvae
785 3122 873 3203 fecit,
889 3146 1007 3190 amore.

1096 3247 1133 3303 K.

465 3973 635 4074 Juppiter
651 3975 701 4049 ad
717 3974 917 4049 Herculem.

277 4183 353 4248 Non
368 4183 455 4271 capis
468 4182 611 4248 aetherio
626 4184 695 4248 dias
709 4207 727 4248 e
741 4194 870 4249 nectare
884 4185 986 4263 vires3

320 4286 512 4351 Aetherium
526 4295 637 4351 nectar
650 4287 698 4352 vis
713 4286 774 4351 tibi
789 4287 841 4351 dia
856 4286 955 4352 dedit.
