2834 5340
319 1574 478 1648 TRIUM
506 1574 733 1649 VIRORUM
760 1575 1050 1651 PRAEFATIO.
1138 1641 1140 1644 ,

572 1863 773 1871 --——-—-

184 2080 290 2146 Qvnn
316 2077 400 2141 viam
426 2077 562 2161 praeivit
584 2077 633 2139 vir
662 2077 800 2161 eleganti
827 2079 957 2164 ingenio
987 2092 1020 2145 et
1044 2081 1188 2147 doctrina

185 2198 345 2262 Henricus
369 2197 489 2282 Drury,
516 2206 670 2281 sequutus
695 2207 744 2260 est
766 2198 978 2262 doctissumus
1004 2201 1190 2268 Gulielmus

183 2316 349 2393 Linwood,
383 2338 476 2400 qvom
508 2315 589 2378 alter
621 2315 806 2380 Arundines
842 2317 942 2395 Carni,
975 2341 1087 2383 suaves
1119 2321 1189 2386 illas

183 2445 216 2498 et
229 2433 339 2519 lepore
361 2435 481 2520 plenas,
499 2434 579 2498 alter
600 2436 670 2519 pari
691 2435 845 2500 felicitate
862 2437 1091 2523 Anthologiam
1115 2463 1189 2504 con-

184 2565 310 2618 texeret
332 2554 562 2633 Oxoniensem,
586 2555 719 2619 eandem
742 2556 919 2620 insistimus
941 2579 1005 2621 non
1026 2559 1188 2624 aemulan-

185 2686 232 2739 tes
259 2698 317 2738 nos
340 2675 485 2759 quidem:
515 2675 600 2738 inter
624 2676 703 2740 duas
728 2676 812 2739 enim
844 2677 1076 2741 celeberrumas
1104 2677 1190 2742 orbis

184 2803 339 2857 terrarum
377 2793 567 2857 Academias
603 2816 767 2878 unnmqve
804 2795 933 2859 Ludum
978 2796 1187 2860 Litterarium

184 2911 356 2975 aemulatio
379 2934 446 2973 esse
468 2920 576 2994 potest
596 2911 703 2975 nulla:
728 2913 793 2989 sed,
811 2935 905 2997 qvom
928 2913 1080 2977 harumce
1102 2913 1189 2977 litte·

185 3053 290 3093 rarum
305 3031 420 3108 studia,
437 3053 515 3114 qvae
527 3052 673 3094 veremur
690 3055 730 3095 ne
748 3032 781 3095 in
801 3033 870 3096 dies
885 3032 1095 3110 obsolescunt,
1110 3055 1189 3097 non-

186 3149 262 3212 dum
273 3149 403 3234 penitus
418 3149 575 3212 excidisse
589 3149 778 3228 videremus,
791 3150 992 3214 condendum
1009 3151 1190 3215 censuimus

186 3268 342 3333 eiusmodi
366 3281 620 3346 monumentum,
649 3270 733 3353 qvod
755 3270 892 3353 posteris
915 3269 1100 3335 hominibus
1125 3282 1188 3336 tra·

186 3387 285 3465 deret,
302 3400 424 3452 veteres
445 3388 516 3451 illas
532 3388 643 3451 Musas
665 3411 701 3451 ac
719 3389 873 3453 Camenas
894 3413 957 3452 nou
981 3391 1021 3454 ad
1038 3390 1187 3456 Tamesin

187 3507 300 3584 solum,
324 3509 434 3571 sedin
459 3507 612 3571 Sabrinae
636 3506 732 3569 etiam
754 3507 832 3591 ripis
861 3507 1031 3591 aliqvando
1057 3509 1191 3593 vestigia

186 3627 337 3709 posuisse.

251 3745 382 3810 Etenim
411 3746 474 3809 iam
504 3746 578 3809 anni
609 3757 684 3808 sunt
712 3746 852 3830 amplius
883 3746 1121 3831 qvinqvaginta,
1148 3772 1189 3812 ex

180 3887 249 3956 'qvo
272 3865 395 3950 Regiae
411 3865 546 3930 Scholae
567 3864 746 3950 Salopiensi
761 3865 943 3950 praefectus
967 3877 1015 3929 est
1034 3866 1192 3930 Samuelis

188 3982 352 4061 Butlerus‚
378 3984 426 4047 vir
452 3985 538 4047 omni
563 3983 658 4047 laude
687 3983 908 4066 praestantior.
965 3984 1029 4050 Qvi
1055 3985 1130 4068 qvid
1152 3987 1191 4048 ad

188 4101 310 4166 litteras
332 4103 474 4187 antiqvas
497 4101 700 4178 excolendas,
730 4102 805 4186 qvid
829 4102 868 4165 ad
892 4124 1008 4186 pueros
1029 4101 1193 4165 liberalius

187 4224 402 4287 instituendos
432 4222 614 4299 contulerit,
641 4224 747 4286 sciunt
772 4223 898 4307 qvidem
930 4222 1045 4285 multi:
1078 4222 1192 4306 qvibus

188 4355 295 4405 autem
319 4342 565 4407 difficultatibus
588 4341 771 4406 obluctatus
790 4342 824 4405 id
844 4341 994 4417 effecerit,
1012 4343 1122 4424 paucis
1144 4344 1192 4406 in-

187 4459 304 4535 notuit,
320 4457 478 4543 plerisque
501 4457 555 4520 vix
580 4468 661 4520 esset
682 4456 844 4520 credibile.
891 4454 995 4518 Nobis
1014 4456 1114 4539 igitur
1132 4457 1192 4520 hoc
