2834 5340
507 804 690 854 SABRINAE
708 805 883 855 COROLLA.

238 967 372 1034 Conscia
385 970 541 1037 laetantes
554 974 635 1037 vidit
651 973 787 1037 Sabrina
801 987 951 1053 catervas,

281 1072 384 1151 Vidit,
402 1085 435 1137 et
449 1075 593 1139 admissis
608 1075 733 1139 auctior
746 1076 806 1139 ivit
820 1078 922 1161 aquis.

236 1173 395 1260 Tempore
410 1199 474 1240 non
489 1177 552 1241 alio
567 1178 748 1242 studiorum
763 1179 865 1243 oblita
878 1179 1029 1244 iuventus

279 1277 346 1340 Dat
361 1278 480 1342 calamo
495 1301 607 1362 parvas
620 1279 812 1365 ingenioque
827 1304 948 1346 moras:

236 1379 400 1445 iustitium
416 1381 507 1445 labor
520 1383 589 1467 ipse
603 1383 696 1467 petit,
712 1383 887 1467 mirataque
902 1406 1052 1469 pompam

280 1483 477 1547 Consuetum
493 1483 621 1567 fugiens
636 1484 734 1548 Musa
747 1483 877 1570 reliqtit
892 1508 983 1570 opus,

235 1585 324 1649 Dum
340 1597 479 1651 veterem
494 1586 631 1650 lustrans
646 1587 754 1650 Mater
769 1610 843 1651 cum
859 1588 955 1652 Prole
969 1589 1157 1674 palaestram

277 1689 434 1774 Prorogat
448 1700 562 1774 arguto
579 1700 722 1772 tempora
736 1689 818 1753 festa
833 1691 939 1755 choro.

235 1791 264 1854 O
281 1802 330 1856 ter
343 1793 448 1856 fausta
463 1803 529 1870 tua,
546 1792 648 1876 Virgo
662 1792 812 1871 formosa,
830 1799 963 1858 corona!

277 1896 307 1959 0
322 1908 371 1959 ter
384 1897 491 1960 fausta
506 1907 563 1959 tuo
580 1908 663 1959 terra
678 1896 834 1960 Britanna
848 1898 943 1982 iugo!

234 1999 309 2064 Non
324 1999 437 2063 melior
451 2010 557 2063 totum
572 1999 661 2083 regni
678 1999 780 2063 tutela
793 2023 852 2084 per
867 2002 988 2080 orbem,

277 2102 353 2166 Non
367 2103 449 2167 feret
463 2126 522 2166 arx
537 2113 669 2178 tantam,
687 2125 751 2166 non
766 2103 850 2167 feret
865 2105 958 2183 ensis,
975 2128 1079 2190 opem,

232 2205 338 2273 Quam
355 2206 496 2290 populus
511 2227 680 2290 regemque
696 2205 804 2269 colens
820 2218 853 2270 et
868 2206 974 2271 cultus
988 2209 1028 2271 ab
1043 2208 1110 2286 illo,

274 2310 438 2393 Frenaqve
451 2309 636 2372 frenantum
651 2307 765 2371 doctus
779 2331 885 2372 amore
899 2311 977 2394 pati.

231 2412 380 2477 Concitet
395 2410 572 2495 Hesperios
586 2410 694 2473 audax
709 2410 865 2474 discordia
879 2412 969 2489 fines,

273 2514 423 2598 Rixaqve
439 2525 596 2577 cessantes
610 2512 719 2576 mittat
733 2513 774 2576 ad
789 2537 875 2577 arma
890 2516 991 2579 viros·

228 2617 386 2700 Frangere
401 2617 516 2680 seditio
530 2638 665 2702 regnum
682 2616 865 2681 Canadense
879 2618 1013 2698 laboret,

273 2719 425 2784 Iniiciens
437 2718 550 2783 rutilas
563 2730 676 2803 pectus
690 2719 724 2782 in
740 2742 833 2782 omne
848 2720 950 2784 faces:

229 2822 320 2887 Haec
336 2821 430 2886 tellus
444 2842 556 2885 secura
569 2832 686 2898 manet,
703 2843 814 2884 secura
828 2823 979 2901 manebit,

271 2927 312 2991 In
326 2925 433 2989 medio
447 2935 556 2988 cautes
569 2924 763 2988 inlabefacta
777 2925 854 2988 mari
867 2951 874 3000 ;

227 3029 388 3113 Maneqve
403 3028 582 3112 nigrantem
597 3028 737 3092 tenebris
751 3028 859 3112 iraqve
874 3029 1046 3113 procellam

271 3132 403 3196 Gratior
416 3132 595 3215 inseqvitur
610 3131 834 3214 candidiorque
849 3131 927 3196 dies.

225 3234 345 3319 Magne
361 3233 457 3298 Pater
472 3232 561 3310 caeli,
577 3254 684 3296 rerum
698 3255 846 3316 suprema
861 3233 1018 3314 Potestas,

268 3337 412 3401 Numine
427 3359 493 3400 sors
509 3358 621 3419 regum
636 3345 760 3420 statque
776 3337 922 3420 caditqve
938 3348 1005 3402 tuo.

226 3438 338 3523 Longa
351 3450 442 3522 regat
456 3437 600 3522 felixque
617 3448 706 3500 tuam
722 3437 868 3502 Victoria
880 3449 1021 3523 gentem,

268 3542 368 3619 Dum,
386 3541 446 3604 tibi
462 3563 542 3625 qvae
557 3551 648 3623 grata
663 3550 721 3617 est,
738 3562 802 3602 non
818 3540 911 3604 timet
925 3541 972 3604 ire
986 3542 1088 3622 viam3

224 3645 301 3710 Vim
316 3655 373 3707 tua
387 3643 442 3707 det
457 3664 582 3725 semper
596 3642 739 3727 trepidae
753 3643 931 3727 praesentia
946 3647 1057 3725 menti,

268 3747 378 3831 Teqve
392 3745 485 3809 adeat
499 3744 566 3808 fido
581 3743 664 3807 laeta
680 3744 830 3808 dolensve
845 3744 927 3809 sinu.

224 3850 311 3917 Qvid
325 3849 460 3933 loqvor?
504 3846 534 3909 0
549 3859 664 3924 careat,
682 3858 836 3931 quantum
850 3847 936 3925 licet,
952 3848 1008 3912 illa
1023 3850 1142 3931 dolore,

266 3952 296 4015 0
310 3952 417 4015 videat
431 3949 573 4035 placidos
588 3961 621 4013 et
635 3949 703 4013 sine
718 3950 804 4013 nube
820 3951 896 4015 dics.

221 4055 322 4119 Laeta
336 4054 426 4119 sitin
439 4075 597 4138 praesens,
614 4053 669 4116 sed
683 4075 746 4116 non
762 4052 891 4117 incauta
905 4054 1027 4133 futuri,

264 4155 353 4220 Dum
368 4155 488 4219 fruitur
501 4155 577 4232 vita,
593 4155 636 4218 sit
651 4177 774 4238 qvoqve
790 4156 884 4219 docta
898 4157 989 4221 mori.

220 4261 284 4339 Sic,
301 4261 358 4324 ubi
371 4257 539 4322 mortalem
554 4259 694 4342 deponet
707 4258 813 4321 fronte
828 4258 989 4338 corollam,

264 4365 380 4448 Cinget
394 4363 584 4426 honoratum
601 4362 652 4425 dia
667 4384 783 4425 corona
797 4375 903 4449 caput.

992 4470 1024 4525 E.
1042 4469 1070 4526 S.
1086 4469 1116 4525 F.
