2834 5340
492 847 676 897 SABRINAE
695 849 872 898 COROLLA.

311 1020 359 1083 At
374 1027 485 1082 coetus
499 1018 658 1082 lemurum
673 1020 738 1084 tuis

352 1120 540 1185 Nocturnus
554 1121 701 1186 thalamis
715 1122 930 1189 insidiabitur.

241 1328 290 1392 Μ.
315 1325 419 1391 Nobis
433 1325 534 1390 altera
547 1328 693 1412 nupserit

311 1522 315 1530 ¹
352 1428 457 1492 Instar
470 1451 586 1512 sponsa
600 1429 660 1506 tui,
676 1428 815 1508 Nauna,
832 1428 978 1508 Naunia3

311 1531 365 1595 Sic
381 1531 450 1595 diro
464 1531 625 1596 lemurum
639 1543 729 1595 metu

351 1633 435 1698 Cum
450 1634 527 1698 totis
540 1633 669 1719 fugient
682 1633 810 1719 agmina
824 1633 973 1699 Tartaris.

1085 1740 1122 1796 K.

608 1853 763 1866 ——.-..

549 2001 667 2099 Carpe
687 1999 807 2075 Diem.

223 2171 321 2250 Qvid,
338 2195 408 2235 mea
423 2170 543 2256 Phylli,
558 2170 648 2235 iuvat
663 2170 774 2255 longos
789 2169 916 2234 differre
932 2194 989 2256 per
1003 2194 1104 2235 annos

266 2273 395 2337 Gaudia
408 2272 577 2358 praecipiti
591 2272 642 2336 vel
656 2272 804 2336 breviora
818 2272 893 2335 dic?

224 2377 260 2442 Si
273 2376 418 2440 licuisset
432 2376 517 2440 enim
533 2375 640 2452 vitam,
658 2375 744 2460 qvod
758 2374 825 2439 fata
838 2387 1007 2460 negarunt,

266 2479 363 2544 Ultra
376 2502 538 2543 concessas
553 2479 670 2543 ducere
684 2491 769 2543 sorte
785 2479 880 2557 colos,
926 2548 929 2554 ,

221 2582 338 2646 Forma
352 2593 460 2646 tamen
474 2582 573 2645 veluti
589 2592 703 2645 tenues
717 2582 803 2666 fugit
819 2583 933 2646 umbra
946 2606 1005 2669 per
1018 2606 1120 2662 auras,

265 2684 311 2748 Et
325 2684 419 2748 citius
434 2707 527 2770 qvam
541 2707 600 2748 nos
614 2683 698 2748 laeta
712 2683 844 2748 iuventa
858 2685 953 2770 perit.

223 2786 259 2851 Si
273 2787 412 2851 iuvenile
427 2788 535 2865 decus,
551 2787 678 2872 gracilis
693 2788 719 2851 si
734 2787 838 2851 forma
851 2799 1004 2866 maneret,

267 2892 314 2955 At
328 2891 424 2954 celeri
438 2913 545 2977 penna
559 2891 732 2975 transfugit
746 2902 836 2954 actus
852 2892 964 2956 Amor.

223 2994 321 3059 Ocior
335 2993 388 3058 hic
401 2994 529 3079 rapidas
543 3005 651 3058 movet
664 2995 735 3079 ipso
751 2994 911 3080 Tempore
924 2995 1069 3079 plumas;

264 3096 377 3161 Mutat
391 3097 495 3160 Amor
509 3095 589 3160 caeli
604 3118 701 3180 regna
714 3119 773 3181 per
787 3096 852 3160 alta
865 3097 966 3175 vices3

221 3199 276 3279 Et,
293 3199 345 3263 cni
360 3199 405 3263 nil
419 3199 509 3264 aliud
522 3200 648 3264 varium
664 3211 698 3264 et
712 3200 878 3277 mutabile,
895 3223 989 3284 saepe

267 3302 426 3366 Motubus
441 3302 571 3366 alternis
586 3302 656 3366 odit
670 3312 817 3388 amatque
833 3303 922 3367 dens.

222 3404 320 3483 Hinc,
336 3426 408 3467 mea
422 3402 542 3488 Phylli,
559 3403 673 3482 oritur,
689 3404 716 3468 si
731 3405 778 3468 vis
792 3404 872 3469 mihi
887 3406 1025 3486 credere,
1040 3416 1148 3471 nostra

264 3506 403 3571 Pectora
416 3505 549 3570 iucundi
565 3506 718 3591 qvidqvid
733 3507 848 3571 amoris
863 3506 993 3574 habent.

221 3610 328 3673 Nobis
342 3609 422 3673 scire
437 3609 537 3689 nefas,
553 3632 612 3674 nec
627 3610 702 3688 iarn,
718 3633 789 3674 mea
802 3611 878 3689 vita,
894 3634 1053 3695 rogemus,

265 3712 330 3779 Qvi
344 3711 425 3776 mihi
441 3712 583 3790 versarit,
600 3713 654 3797 qvi
670 3712 730 3777 tibi
744 3723 857 3798 pectus
870 3736 977 3778 amor:

220 3815 325 3883 Ovem
339 3815 436 3880 modo
450 3816 556 3880 fallaci
572 3826 608 3879 tu
623 3839 679 3901 spe
693 3815 820 3880 lactaris
834 3827 1005 3894 amantem,

263 3919 353 3986 Qvae
368 3919 469 3984 fuerit
483 3919 588 3983 verbis
603 3929 696 4004 capta
710 3919 818 4005 puella
832 3921 922 3998 meis,

220 4021 319 4086 Astra
332 4022 409 4086 satis
423 4032 561 4101 norunt3
586 4022 680 4086 astris
694 4023 856 4106 permitte,
874 4023 950 4107 qvid
964 4023 1033 4108 ipsa

264 4124 349 4189 Mox
364 4124 472 4203 facias,
490 4135 524 4188 et
538 4148 621 4209 quae
636 4125 700 4188 sint
712 4124 858 4188 facienda
871 4125 961 4189 mihi.

220 4227 382 4312 Tempora
396 4228 473 4313 qvid
486 4226 563 4291 laeti
578 4226 671 4290 nobis
686 4228 866 4312 praesentia
880 4228 1002 4292 donent

263 4329 315 4393 Sit
330 4330 391 4394 tibi
405 4352 492 4393 nunc
506 4329 656 4407 monitor,
673 4329 715 4393 sit
729 4327 820 4408 mihi,
836 4329 922 4394 solus
936 4351 1034 4393 amor.

987 4434 1019 4489 ll.
1035 4433 1075 4488 M.
1092 4433 1122 4490 C.
