2834 5340
449 837 632 886 snBRINAE
651 837 826 886 COROLLA.

487 1059 605 1132 Locus
624 1058 791 1156 Eruptio.

222 1232 349 1320 Fugere
363 1233 469 1320 ruptis
484 1234 643 1299 obiicibus
657 1234 745 1299 lacus

221 1338 346 1422 Fugere
360 1336 530 1423 lymphae:
554 1360 613 1422 per
628 1360 703 1400 cava
716 1337 849 1401 litorum

265 1440 431 1503 Exsultim
447 1450 480 1503 et
494 1439 632 1502 inmissis
646 1439 780 1504 habenis

309 1543 449 1627 Agmine
464 1564 567 1628 prono
582 1542 728 1627 equitant
740 1542 888 1628 liquores,

223 1693 454 1760 Bacchantium
470 1716 544 1758 cum
558 1714 722 1757 murmure
736 1692 905 1767 fluctuum,

223 1797 358 1862 Dudum
371 1808 537 1862 vocantem
553 1797 654 1859 visere
670 1795 787 1858 Nerea.

267 1901 330 1964 Per
343 1923 422 1965 saxa
436 1901 661 1986 depressasqve
675 1898 783 1975 valles,

310 2004 373 2067 Per
387 2003 484 2067 siluas
498 2001 580 2066 furit
594 2002 749 2087 expedito

225 2155 372 2221 Humore
387 2166 512 2219 torrens
526 2154 645 2218 amnis:
671 2164 704 2216 et
718 2153 848 2238 inpetus

226 2257 494 2322 Tumultuantem
510 2279 571 2341 qva
585 2255 671 2333 tulit,
688 2254 777 2318 ilices

267 2360 300 2424 A
314 2361 414 2446 stirpe
429 2359 595 2423 convulsas
610 2368 643 2421 et
658 2378 752 2420 omos

311 2463 427 2528 Traxit
442 2463 483 2527 ad
498 2483 652 2527 oceanum
666 2482 830 2523 voracem:

223 2614 417 2698 Regumqve
433 2623 537 2676 turres
552 2620 699 2694 tectaqve
713 2629 892 2694 pauperum

227 2718 373 2783 Tandem
387 2716 499 2781 ruinae
515 2713 687 2779 conciliant
700 2734 811 2797 pares;

269 2820 412 2904 Fatoqve
428 2828 590 2882 consortes
604 2815 719 2880 eodem

312 2923 395 2988 Cum
410 2919 540 2986 famulis
555 2919 676 2983 domini
689 2939 749 3002 per
762 2938 859 2979 unam

228 3078 375 3162 Stragem
390 3076 424 3139 in
439 3074 605 3160 superbos,
623 3093 681 3137 ceu
697 3070 834 3156 stipulae
849 3069 945 3146 leves,

225 3179 414 3245 Volvuntur
428 3188 543 3242 aestus.
589 3174 778 3239 Vorticibus
792 3173 874 3236 furit

269 3281 455 3367 Neptunus,
471 3289 505 3343 et
519 3279 628 3343 cristas
642 3287 803 3342 comantes

313 3382 493 3449 Fluctubus
507 3381 668 3465 aeriasqve
682 3392 832 3465 torquens

229 3528 367 3612 spumas
382 3549 516 3612 opacum
531 3524 674 3589 nubibus
688 3522 728 3586 ad
741 3523 854 3608 polum

228 3630 375 3715 Inmugit
390 3629 509 3693 omnis:
535 3649 597 3713 qvo
612 3625 744 3690 fremitu
760 3625 857 3689 Pater

271 3735 409 3798 Erectus
424 3753 559 3795 excusso
573 3752 686 3815 sopore

314 3833 480 3900 Fulminat
494 3842 528 3895 et
542 3832 700 3897 iaculatur
713 3833 823 3917 ignes:

230 3981 395 4067 Supraqve
410 3981 592 4063 circumqve
608 3979 746 4042 exitium
760 3979 892 4064 ingruit,

231 4083 441 4168 Qvocumqve
456 4103 583 4147 cursum
597 4081 810 4167 praecipitant
824 4105 941 4167 aqvae;

273 4187 446 4272 Tellusque
461 4186 647 4271 eaelumqve
662 4196 696 4249 et
711 4186 891 4250 tremendas

319 4290 372 4354 Ira
387 4291 481 4354 maris
495 4290 653 4375 glomerat
665 4288 785 4353 ruinas.

965 4390 998 4448 T.
1015 4393 1043 4450 S.
1058 4391 1092 4450 R
