2834 5340
524 885 705 934 SABRINAE
726 886 903 935 COROLLA.

636 1366 790 1441 Aenone,

297 1574 437 1660 Phrygia
452 1576 543 1640 locus
556 1580 617 1642 sub
635 1579 693 1642 Ida
707 1580 791 1642 iacet
806 1578 945 1655 abditus,
962 1576 1032 1640 aliis

297 1678 387 1744 Qvot
401 1680 434 1742 iu
450 1680 567 1743 Ionum
583 1681 666 1764 iugis
681 1693 757 1745 sunt
771 1681 954 1765 speciosior,
972 1680 1029 1742 ubi
1045 1703 1144 1765 aqvae

296 1781 408 1866 Vapor
421 1782 485 1845 irna
501 1794 606 1846 tranat
621 1807 714 1869 aegro
730 1785 854 1869 placide
870 1805 1001 1847 nemora
1016 1783 1089 1846 sinu

297 1882 460 1968 Pinusqve
475 1897 580 1970 reptat
595 1887 679 1949 inter
692 1887 900 1970 graditurque
915 1884 998 1970 pede
1014 1885 1114 1969 pigro

297 1986 384 2050 Hinc
399 1987 474 2050 inde
488 2000 581 2072 prata
593 1990 737 2074 pendent
751 1989 921 2052 viridantia
935 1988 1050 2051 mediis

299 2089 457 2175 Scopulis,
474 2091 631 2176 feraxqve
643 2092 759 2156 florum
775 2092 858 2155 nitet
872 2092 1011 2176 irriguus
1026 2113 1111 2174 ager,

297 2192 502 2278 Resouatqve
517 2195 603 2258 rivus
619 2196 702 2258 infra
717 2219 775 2280 per
790 2197 884 2259 adesa
898 2196 969 2260 loca
983 2195 1052 2278 iugi

299 2295 488 2381 Laticesqve
505 2298 688 2361 decidentes
703 2298 766 2361 ciet
781 2298 820 2361 ad
835 2298 919 2361 freta
932 2296 1049 2383 pelagi.

298 2398 385 2462 Hinc
400 2423 525 2464 summa
541 2401 676 2483 Gargari
692 2412 778 2466 stant
793 2401 984 2485 capiuntque
995 2423 1118 2463 roseam
1132 2399 1203 2463 Eo:

298 2498 477 2563 Nemorum
494 2502 645 2566 videntur
659 2502 747 2565 illinc
763 2525 821 2585 per
835 2513 945 2587 aperta
959 2501 1120 2566 columina

299 2602 430 2666 Turrita
445 2602 685 2688 Pergamorurn,
703 2606 883 2668 diademata
899 2603 1070 2687 Phrygiae.

297 2703 374 2767 Huc
390 2719 509 2770 maesta
525 2707 613 2769 venit
630 2708 775 2783 Aenone,
796 2706 984 2791 Hyperione
1001 2705 1121 2769 medios

297 2807 452 2889 Agitante
468 2833 574 2895 eqvos,
593 2809 692 2873 sodali
707 2833 880 2895 properans
896 2809 963 2872 sine
980 2808 1105 2885 Paride,

297 2906 361 2971 Per
375 2912 481 2995 aprica
496 2935 588 2996 qvem
605 2913 755 2996 iugorum
770 2912 919 2975 comitem
936 2911 1031 2974 modo
1047 2909 1213 2975 babuerat.

298 3011 424 3074 Aberat
437 3037 518 3096 gena
533 3038 675 3077 rosarum
693 3015 806 3078 solitus
823 3013 919 3092 color,
936 3014 1070 3076 humero

299 3112 464 3178 Fluitabat
479 3116 512 3178 in
528 3116 644 3180 decoro
658 3118 825 3180 fluitareve
841 3115 965 3200 placide

297 3216 377 3279 Visa
390 3228 438 3280 est
453 3240 542 3281 coma
557 3219 770 3303 adquiescens
818 3218 909 3282 Silici
923 3217 979 3281 illa
994 3217 1151 3282 miseriter

298 3318 418 3382 Innixa
432 3320 498 3383 vite
513 3321 619 3385 cincto
636 3322 753 3385 cecinit
768 3321 949 3385 tacentibus

298 3422 407 3486 Siluae
421 3423 514 3507 iugis,
532 3447 669 3508 superno
685 3425 775 3508 nigra
790 3425 889 3489 donec
905 3425 945 3489 ab
960 3425 1050 3511 apice

299 3524 491 3608 Properaret
507 3526 619 3589 umbra
633 3549 746 3610 rupem
763 3526 904 3610 tetigisse
918 3527 976 3590 ubi
990 3536 1127 3591 caneret.

341 3728 449 3793 Patria
465 3728 495 3794 Ο
510 3753 582 3794 mea
597 3730 734 3794 creatrix
750 3729 902 3793 scatebris
916 3732 1008 3813 rigua
1023 3727 1120 3812 vagis,

298 3832 452 3896 Genitrix
468 3855 538 3895 mea
554 3832 613 3896 Ida
628 3855 737 3895 vocem
753 3831 917 3894 morientis
933 3831 1054 3917 adcipe.

298 3934 379 4018 luga
393 3956 478 3997 nunc
493 3935 637 3997 meridiei
655 3945 743 3998 tenet
759 3934 866 3998 omnia
879 3934 1013 4019 reqvies

299 4037 382 4100 Silet
396 4037 523 4101 achetas
537 4037 571 4101 in
586 4037 702 4115 herbis,
720 4038 867 4100 umbram
881 4037 916 4099 in
931 4034 1037 4120 lapide
1051 4033 1130 4097 facit

299 4139 420 4202 Similis
433 4139 572 4202 lacertus
587 4139 719 4203 umbrae
735 4138 902 4222 calidoque
917 4138 1028 4200 iubare
1043 4148 1127 4200 ovat.

300 4241 431 4304 Fruitur
446 4242 553 4304 cicada
567 4264 689 4319 somno,
704 4240 882 4304 redolentia
896 4239 1002 4324 capita

298 4343 434 4408 Flexere
450 4355 533 4408 serta
548 4345 674 4422 florum,
691 4342 867 4428 mediisque
883 4341 959 4405 liliis

706 4467 727 4511 u
799 4507 803 4513 .
