2842 5078
492 814 675 863 SABRINAE
694 814 872 864 COROLLA.

498 1113 676 1207 Prospero
694 1112 857 1208 loquitur.

222 1289 291 1354 Vos
306 1288 498 1372 colliumqve
513 1287 747 1372 fluminumqve
762 1287 923 1372 praesides

222 1391 463 1475 Nemorumqve
478 1390 660 1475 Nymphae,
679 1414 820 1476 qvaeqve
836 1389 1004 1455 celebratis
1018 1387 1118 1467 lacus,

220 1492 267 1555 Et
280 1516 347 1571 vos,
363 1493 508 1569 choreae,
525 1515 604 1575 qvae
620 1491 748 1555 volante
764 1493 860 1555 litora

221 1595 291 1658 Vix
306 1617 430 1658 summa
444 1594 555 1680 planta
569 1594 690 1670 raditis,
709 1593 894 1677 Neptunios

221 1697 355 1760 Fluctus
369 1705 520 1780 seqvutae
536 1718 621 1759 nunc
633 1696 811 1759 recedentis
826 1695 894 1773 sali,

221 1798 318 1862 Nunc
333 1799 449 1883 agilem
464 1799 504 1862 ab
521 1799 695 1861 adcedente
711 1819 878 1860 conversae
894 1795 1020 1879 pedem,

220 1900 355 1980 Valete;
379 1924 506 1986 vosqve,
523 1923 620 1985 parva
633 1900 792 1964 larvarum
808 1900 931 1977 cohors,

221 2003 448 2088 Qvaeeumqve
463 2003 569 2066 facitis
585 2002 720 2066 circulos
735 2001 884 2066 mutabili

221 2105 380 2188 Fulgente
395 2105 482 2181 luna,
500 2127 561 2188 qva
575 2104 688 2167 nociva
700 2104 855 2187 gramina,

220 2208 386 2292 Acidaqve
401 2229 524 2270 morsus
537 2207 700 2270 abstinent
713 2206 812 2269 humo
827 2228 959 2290 greges:

220 2311 410 2395 Fungosqve
426 2311 452 2373 si
468 2333 543 2393 qvas
558 2323 652 2373 nocte
668 2310 821 2373 sublustri
836 2309 926 2371 iuvat

220 2414 388 2498 Sparsisse,
404 2412 584 2495 ferreasqve
600 2435 770 2498 campanae
787 2412 888 2475 minas

220 2516 346 2579 Audire
361 2515 466 2598 primo
482 2537 631 2599 vesperae
647 2512 853 2599 crepusculo:

221 2615 348 2682 Qvibus
363 2616 552 2699 potentibus
568 2616 695 2699 qvidem
711 2616 816 2699 parvis
830 2615 907 2677 licet

221 2717 309 2780 Usus
324 2716 483 2800 magistris
498 2739 631 2779 aureum
647 2717 722 2779 solis
737 2717 830 2779 iubar

222 2818 403 2902 Caliginosa
418 2841 512 2903 saepe
527 2830 620 2880 nocte
637 2818 784 2895 condidi3

220 2921 266 2983 Et
282 2921 410 2983 evocavi
425 2919 592 2982 flaminum
608 2919 807 2996 discordiam,

221 3022 373 3106 interqve
389 3021 540 3107 pelagum
556 3033 589 3085 et
603 3031 731 3085 arcuata
745 3022 850 3085 sidera

221 3124 343 3188 Audax
359 3123 558 3189 tumultuosa
573 3123 659 3187 bella
672 3124 786 3188 miscui
798 3150 805 3202 ;

220 3227 267 3290 Et
280 3227 314 3290 in
329 3227 504 3290 verendum
519 3227 618 3290 robur
632 3226 753 3290 aeterni
769 3226 855 3290 Iovis

170 3412 175 3421 ι
222 3328 368 3393 Trisulca
383 3328 460 3392 torsi
478 3328 542 3392 tela
558 3339 591 3392 et
602 3328 691 3412 ignes
705 3329 824 3412 ipsius3

222 3431 268 3494 Et
282 3454 368 3495 nunc
383 3431 493 3495 revelli
508 3432 639 3517 rupium
653 3431 851 3511 fundamina,

222 3532 319 3596 Nunc
334 3544 368 3597 et
382 3556 549 3619 cupressus
563 3543 658 3618 atqve
671 3533 767 3617 pinus
783 3547 889 3598 erutas

221 3636 326 3715 Verti,
343 3636 469 3720 suisqve
484 3637 524 3699 de
539 3636 692 3721 sepulcris
707 3647 850 3700 mortuos

223 3737 311 3801 Olim
326 3738 406 3801 cievi
420 3738 577 3801 eantubus
592 3738 715 3801 vinctos
729 3739 826 3803 meis:

222 3839 292 3903 Vos
307 3848 401 3923 atqve
417 3839 531 3922 magici
547 3840 701 3922 qvidqvid
717 3850 765 3903 est
780 3863 913 3924 usqvam
929 3841 995 3905 doli

223 3941 359 4006 Valete:
384 3943 447 4005 iam
464 3940 579 4005 tellure
595 3942 715 4025 virgam
730 3942 811 4006 banc
828 3945 960 4008 obruam

225 4043 383 4119 Fractam,
401 4043 541 4106 scelestis
556 4043 652 4106 altius
667 4043 839 4127 ligonibus

225 4143 271 4206 Et
285 4167 372 4207 sacra
387 4144 421 4207 in
437 4144 537 4207 undas
552 4146 680 4229 exigam
695 4146 859 4209 volumina

225 4246 294 4309 Sub
310 4244 435 4309 intumo
451 4246 582 4309 celanda
597 4246 744 4332 Neptuni
760 4270 867 4331 specu.

763 4369 801 4425 A.
817 4369 850 4425 L.
866 4368 914 4447 (aa
928 4369 1127 4449 Susrsrmro.)
