2834 5340
501 851 683 901 SABRINAE
702 850 880 900 COROLLA.

628 1158 747 1234 Ῥόδον.

402 1327 556 1394 Ἀπαλδν
569 1327 725 1417 λόχευμα
740 1327 861 1408 κήπου,

406 1432 472 1499 ὅσα
487 1431 607 1519 φύεται
620 1431 791 1515 ’γλύκιστα

406 1535 544 1623 ἔδρεπον
557 1534 618 1618 μὲν
634 1534 731 1623 ἐχθὲς
747 1533 840 1615 ἄνθη·

405 1639 562 1705 πετάλων
578 1636 604 1703 δ’
620 1637 746 1704 ἔσωθεν
762 1636 848 1703 εἶδον

403 1742 537 1830 ῥοδονῶν
552 1739 690 1807 ὑπνῶντ’
701 1740 843 1828 Ἔρωτα.

405 1848 585 1932 κροτάφοις
599 1844 661 1929 μὲν
675 1845 894 1932 ἅμφιπλέξας

407 1949 633 2035 στεφανίσκον
648 1945 720 2037 εἶχε
736 1948 851 2032 καλόν,

408 2051 666 2131 πολυδαίδαλον,
683 2048 828 2138 φαεινόν·

409 2155 645 2245 ὑποπόρφυρος
660 2154 688 2220 δ’
705 2153 760 2220 ὑπ’
778 2154 868 2244 αὐτῷ

406 2260 560 2325 άλέαινεν
574 2259 594 2339 ἡ
610 2256 744 2345 πορεία,

407 2360 610 2445 χεχανυμένη
626 2358 790 2448 δρόσοισι·

408 2466 484 2553 χερὶ
501 2463 528 2528 δ’
545 2461 617 2529 αὖτ’
634 2463 739 2547 ἔγωγε
755 2462 863 2550 κούφῃ

408 2569 604 2654 ἀφύλακτον
619 2565 673 2632 ὧδ’
691 2568 844 2654 ἔμαρψα,

412 2671 499 2736 κατὰ
512 2669 574 2753 μὲν
589 2670 713 2758 σχίσαι
729 2671 884 2756 φυλάξας

407 2773 664 2856 μελιτουμένους
680 2771 835 2860 ὀνείρους,

410 2877 456 2943 ε’νὶ
472 2875 499 2941 δ’
514 2872 720 2963 άμβρότοισι
736 2875 878 2947 κόλποις

411 2979 567 3061 κατέθηκ’
582 2980 660 3063 ε’μῆς
675 2979 846 3067 Κορίννης.

412 3081 467 3148 ότε
483 3082 522 3164 δ’,
539 3083 577 3148 οὐ
593 3082 692 3149 δόλον
707 3080 874 3161 συνειδώς,

411 3185 589 3274 ιἰνειγείρεθ
604 3186 822 3278 οὑπιχαρτός,

414 3291 540 3358 ἐθέλων
554 3291 621 3358 τότ’
638 3293 818 3375 ἐκλυθῆναι

412 3391 643 3480 περιεστράφη
658 3392 697 3458 τδ
712 3395 854 3480 πρῶτον,

412 3495 600 3584 χαλέπαινέ
615 3495 655 3580 τ’,
673 3496 918 3586 ἐμπαλσχθείς,

413 3597 699 3688 χλιδανοσφόροις
713 3599 898 3673 ποδίσκοις·

411 3703 507 3785 μάλα
522 3701 551 3768 δ’
568 3701 639 3769 ὦκα
653 3702 773 3776 παιδὸς
787 3703 869 3792 ἦτορ

412 3804 656 3893 κεχαρισμένον
672 3805 782 3890 θέαμα

412 3906 620 3994 παρέθελξεν
634 3908 869 3997 άσχαλῶντος·

416 4008 454 4076 τδ
470 4008 498 4075 δ’
513 4009 565 4097 ἄρ’
581 4011 624 4082 ὡς
640 4009 691 4093 ἴδ’,
708 4012 752 4082 ὡς
766 4011 893 4094 ἀνέπτη

415 4112 479 4178 ὑπὸ
495 4119 665 4202 χαρμονῆς
679 4113 833 4197 βαθείας,

415 4218 583 4306 πτέρυγας
598 4217 626 4283 δ’
643 4217 747 4285 ἔσεισ’
764 4217 898 4291 ἰανθείς.

417 4320 489 4386 τίσι
503 4321 568 4408 γὰρ
584 4322 751 4412 τέχναισι,
769 4322 866 4411 φησί,

417 4422 485 4490 τόδ’
502 4426 677 4515 ἐπηράτων
693 4425 827 4494 ἐπωδῶν
