2834 5340
487 831 671 881 SABRINAE
690 830 865 880 cononis.
1136 834 1183 884 119

499 1149 622 1225 Docta
641 1151 852 1248 Paupertas,

219 1336 320 1414 Mors,
335 1334 460 1420 geniale
476 1345 585 1419 caput,
603 1357 669 1397 non
683 1334 874 1420 adspernata
889 1347 1067 1413 vocantem,

263 1439 342 1502 Tam
357 1440 461 1502 vicina
475 1437 553 1501 mihi
568 1438 667 1501 sicine
683 1449 784 1501 castra
797 1437 905 1502 locas?

220 1541 307 1607 Qvin
322 1541 455 1605 serimus
471 1540 624 1603 dextras?
660 1539 785 1602 Sociam
800 1539 958 1625 fidamqve
973 1563 1112 1604 sororem

262 1645 310 1708 Te
327 1643 496 1729 tranqvilla
511 1642 591 1706 mihi
605 1652 714 1706 nectat
728 1642 877 1707 amicitia.

220 1865 319 1949 Fugit
333 1864 418 1929 lacta
431 1862 527 1939 salus,
544 1884 658 1926 aurum
673 1861 753 1925 mihi
768 1860 864 1945 fugit,
882 1872 915 1925 et
929 1883 994 1925 una

264 1968 431 2050 Fugerunt
445 1964 563 2028 hilares
578 1965 652 2041 iam,
669 1963 747 2028 mihi
764 1965 868 2042 crede,
886 1965 964 2043 dics,

220 2071 357 2137 Qvando
373 2092 432 2153 ego
447 2091 505 2153 per
519 2067 630 2150 longas
645 2066 733 2131 luces
748 2079 919 2152 noctesqve
934 2066 1090 2152 legebam,

264 2173 423 2258 Poclaqve
438 2194 512 2235 cum
527 2171 613 2235 socio
628 2193 698 2234 rara
712 2170 856 2233 levamen
872 2183 972 2236 erant.

220 2395 372 2459 Neutone
388 2393 418 2456 Ο
432 2404 531 2478 tuqve
547 2392 703 2457 Euclidae
719 2391 909 2456 venerabilis
924 2393 1048 2473 umbra,

262 2498 430 2582 Doctaqve
446 2496 620 2560 Graiorum
635 2519 692 2559 vos
706 2507 925 2574 monumenta,
941 2496 1028 2574 libri,

219 2600 390 2665 Heumihi
406 2622 498 2685 qvam
515 2609 633 2662 taetros
648 2597 777 2682 legastis
792 2621 886 2682 saepe
902 2598 1037 2677 dolores,

263 2704 392 2770 Qvanta
406 2724 459 2766 cor
475 2701 590 2764 invasit
605 2712 784 2785 qvantaqve
800 2700 927 2763 flamma
941 2704 1057 2786 caput!
1130 2758 1134 2765 .

221 2926 286 2991 Sed
301 2937 408 2989 tamen
422 2924 595 3001 inmensae,
612 2923 723 3008 spatiis
737 2922 879 2987 inclusus
894 2921 1021 3008 iniqvis,

263 3030 365 3094 Urere
379 3039 568 3093 nocturnam
583 3026 731 3111 lampada
744 3027 838 3090 iussit
852 3049 951 3090 amor.

220 3132 333 3197 Multa
347 3131 543 3208 laborabam,
559 3130 721 3214 fingebam
736 3130 858 3193 somnia
873 3129 986 3207 multa,

263 3234 396 3298 Somnia
410 3255 490 3318 qvae
505 3232 613 3296 subito
630 3231 765 3316 dispulit
780 3243 850 3295 orta
864 3231 942 3296 dies.

219 3455 285 3520 Sed
300 3452 351 3518 vel
365 3454 469 3517 adhuc
484 3453 640 3538 trepidam
656 3452 737 3535 (noli
751 3452 868 3536 ridere)
884 3451 1038 3516 fovebant

263 3558 362 3644 Spem
377 3557 457 3620 mihi
473 3556 614 3633 divitiae,
631 3556 740 3633 robur,
756 3555 859 3619 inanis
872 3554 985 3620 honor.

219 3662 308 3746 Ergo
323 3659 487 3724 doctrinae
503 3659 654 3723 scandens
669 3658 837 3722 interritus
851 3680 938 3722 arces

262 3763 429 3828 Deciduus
442 3761 535 3848 lapsu
549 3760 781 3848 praecipitante
795 3782 866 3825 rua.

220 3987 343 4051 Actum
357 3987 424 4050 est!
448 4006 542 4048 nemo
557 3983 637 4048 mihi
653 3983 762 4047 Macte
776 3981 976 4047 adclamabat
990 3994 1023 4046 et
1039 3982 1143 4067 Euge,

266 4088 373 4152 Nemo
388 4087 477 4173 operi
492 4108 608 4170 magno
624 4084 851 4170 suppeditabat
866 4104 971 4169 opem.

222 4191 277 4256 Sic
292 4213 351 4273 ego
365 4189 516 4253 deficiens
531 4211 625 4272 aegra
639 4198 672 4251 te
687 4210 763 4252 voce
778 4187 897 4266 rocavi,

265 4291 379 4375 Tuqve
393 4289 472 4354 mihi
486 4289 609 4353 fautrix
626 4299 753 4375 tempus
768 4287 802 4352 in
818 4310 912 4352 omne
927 4287 1026 4354 venis.

1082 4392 1120 4451 K.
